//----------------------------------------------					------------------------------------------------//
//----------------------------------------------	Shortcuts		------------------------------------------------//
//----------------------------------------------					------------------------------------------------//

@STRING{ AAA			= {Acta Acustica united with Acustica} }
@STRING{ CAVW 			= {Computer Animation and Virtual Worlds} }
@STRING{ CG   			= {Computers and Graphics} }
@STRING{ CGF   			= {Computer Graphics Forum} }
@STRING{ CMJ			= {Computer Music Journal} }
@STRING{ IC				= {Interacting with Computers} }
@STRING{ GM   			= {Graphical Models} }
@STRING{ JAES			= {Journal of Audio Engineering Society} }
@STRING{ JAI  			= {Journal of Applied Intelligence} }
@STRING{ JASA			= {Journal of the Acoustical Society of America} }
@STRING{ JASJ			= {Journal of Acoustical Society of Japan} }
@STRING{ JAST			= {Journal of Acoustic Science and Technology} }
@STRING{ JNMR			= {Journal of New Music Research} }
@STRING{ JVCA			= {The Journal of Visualization and Computer Animation} }
@STRING{ OS				= {Organized Sound} }
@STRING{ PAMI			= {IEEE Transactions on Pattern Analysis and Machine Intelligence} }
@STRING{ Presence		= {Presence: Teleoperators and Virtual Environments} }
@STRING{ SIGGRAPHJournal= {SIGGRAPH Computer Graphics} }
@STRING{ TOG  			= {ACM Transactions on Graphics} }
@STRING{ TSMC  			= {Transactions on Systems, Man and Cybernetics} }
@STRING{ VC  			= {The Visual Computer} }

@STRING{ AMDO			= {Proc. of the International Conference on Articulated Motion and Deformable Objects (AMDO)} }
@STRING{ EG				= {Proc. of the Eurographics Workshop on Animation and Simulation (EG)} }
@STRING{ CASA			= {Proc. of the International Conference on Computer Animation and Social Agents (CASA)} }
@STRING{ CGI			= {Proc. of Computer Graphics International (CGI)} }
@STRING{ DAFX			= {Proc. of the International Conference on Digital Audio Effects (DAFx)} }
@STRING{ ENACTIVE		= {Proc. of the International Conference on Enactive Interfaces (ENACTIVE)} }
@STRING{ GRAPHINT		= {Proc. of the International Conference on Graphics Interface (GI)} }
@STRING{ GRAPHITE		= {bla} }
%@STRING{ GRAPHITE		= {Proc. of the International Conference on Computer Graphics and Interactive Techniques in Australasia and South East Asia (GRAPHITE)} }
@STRING{ GW				= {Proc. of the International Gesture Workshop (GW)} }
@STRING{ HUMANOIDS		= {Proc. of the IEEE-RAS International Conference on Humanoids Robots (HUMANOIDS)} }
@STRING{ I3D			= {Proc. of the International Symposium on Interactive 3D Graphics and Games (I3D)} }
@STRING{ ICASSP			= {Proc. of the IEEE International Conference on Acoustics, Speech and Signal Processing (ICASSP)} }
@STRING{ ICAD			= {Proc. of the International Conference on Auditory Display (ICAD)} }
@STRING{ ICMC			= {Proc. of the International Computer Music Conference (ICMC)} }
@STRING{ ICRA			= {Proc. of the International Conference on Robotics and Automation (ICRA)} }
@STRING{ ISVC			= {Proc. of the International Symposium on Advances in Visual Computing (ISVC)} }
@STRING{ JIM			= {Proc. of the Jounr{\'e}es d'Informatique Musicale (JIM)} }
@STRING{ NIME			= {Proc. of the International Conference on New Interfaces for Musical Expression (NIME)} }
@STRING{ NIME01			= {ACM CHI 2001 New Interfaces for Musical Expression (NIME) Workshop} }
@STRING{ PG				= {Proc. of the Pacific Conference on Computer Graphics and Applications (PG)} }
@STRING{ SANDBOX		= {Proc. of the SIGGRAPH Symposium on Videogames (Sandbox) } }
@STRING{ SCA			= {Proc. of the SIGGRAPH/Eurographics Symposium on Computer Animation (SCA)} }
@STRING{ SMC			= {Proc. of the International Conference on Sound and Music Computing (SMC)} }
@STRING{ SIGGRAPH		= {Proc. of the Annual conference on Computer Graphics and Interactive Techniques (SIGGRAPH)} }
@STRING{ VRST			= {Proc. of the ACM Symposium on Virtual Reality Software and Technology (VRST)} }





//----------------------------------------------					------------------------------------------------//
//----------------------------------------------		WEB			------------------------------------------------//
//----------------------------------------------					------------------------------------------------//

@MISC{120years,
	author = {S. Crab},
	note = {\emph{120 Years of Electronic Music}, \href{http://120years.net}{http://120years.net}},
	year = {2009}
}

@MISC{AIST,
	author = {Advanced Industrial Science and Technology},
	note = {\emph{Human Body Properties Database}, \href{http://riodb.ibase.aist.go.jp/dhbodydb/properties/index-e.html}{http://riodb.ibase.aist.go.jp/dhbodydb/properties/index-e.html}},
	year = {2009}
}

@MISC{animusic,
	author = {W. Lyttle},
	note = {\emph{Animusic}, \href{http://www.animusic.com}{http://www.animusic.com}},
	year = {2009}
}

@MISC{cmumocap,
	author = {Carnegie Mellon University},
	note = {\emph{Motion Capture Database}, \href{http://mocap.cs.cmu.edu}{http://mocap.cs.cmu.edu}},
	year = {2009}
}

@MISC{cordis,
	author = {CORDIS-ANIMA},
	note = {\emph{ACROE}, \href{http://www-acroe.imag.fr}{http://www-acroe.imag.fr}},
	year = {2009}
}

@MISC{hanim,
	author = {H-Anim},
	note = {\emph{Humanoid Animation Working Group}, \href{http://h-anim.org}{http://h-anim.org}},
	year = {2009}
}

@MISC{idmil,
	title = {{\emph{IDMIL/CIRMMT, McGill University, Montreal, Qc., Canada}, \href{http://www.idmil.org}{http://www.idmil.org}}},
	year = {2009}
}

@MISC{liblo,
	author = {Liblo},
	note = {\emph{Lighweight OSC Implementation}, \href{http://liblo.sourceforge.net}{http://liblo.sourceforge.net}},
	year = {2009}
}

@MISC{lightning,
	author = {D. Buchla},
	note = {\emph{Lightning II MIDI Controller}, \href{http://www.buchla.com/lightning}{http://www.buchla.com/lightning}},
	year = {2009}
}

@MISC{metaMotion,
	author = {Meta Motion},
	note = {\href{http://www.metamotion.com}{http://www.metamotion.com}},
	year = {2009}
}

@MISC{midi,
	author = {MIDI},
	note = {\emph{MIDI Manufacturers Association}, \href{http://www.midi.org}{http://www.midi.org}},
	year = {2009}
}

@MISC{modalys,
	author = {Modalys},
	note = {\emph{IRCAM}, \href{http://support.ircam.fr/doc-modalys/}{http://support.ircam.fr/doc-modalys/}},
	year = {2009}
}

@MISC{ode,
	author = {R. Smith},
	note = {\emph{Open Dynamics Engine}, \href{http://www.ode.org}{http://www.ode.org}},
	year = {2009}
}

@MISC{osc,
	author = {OSC},
	note = {\emph{Open Sound Control}, \href{http://opensoundcontrol.org}{http://opensoundcontrol.org}},
	year = {2009}
}

@MISC{plork,
	author = {D. Trueman and P. Cook},
	title = {\emph{Princeton Laptop Orchestra (PLOrk)}, \href{http://plork.cs.princeton.edu}{http://plork.cs.princeton.edu}},
	year = {2009}
}

@MISC{polhemus,
	author = {Polhemus},
	note = {\href{http://www.polhemus.com}{http://www.polhemus.com}},
	year = {2009}
}

@MISC{qualisys,
	author = {Qualisys},
	note = {\href{http://www.qualisys.com}{http://www.qualisys.com}},
	year = {2009}
}

@MISC{samsara,
	title = {{\emph{SAMSARA/VALORIA, Universit{\'e} de Bretagne Sud, Vannes, France}, \href{http://www-valoria.univ-ubs.fr/SAMSARA}{http://www-valoria.univ-ubs.fr/SAMSARA}}},
	year = {2009}
}

@MISC{slork,
	author = {G. Wang},
	title = {\emph{Stanford Laptop Orchestra (SLOrk)}, \href{http://slork.stanford.edu}{http://slork.stanford.edu}},
	year = {2009}
}

@MISC{stk,
	author = {P. Cook and G. Scavone},
	note = {\emph{The Synthesis ToolKit}, \href{http://ccrma.stanford.edu/software/stk}{http://ccrma.stanford.edu/software/stk}},
	year = {2009}
}

@MISC{thunder,
	author = {D. Buchla},
	note = {\emph{Thunder MIDI Controller}, \href{http://www.buchla.com/historical/thunder}{http://www.buchla.com/historical/thunder}},
	year = {2009}
}

@MISC{theremin,
	title = {{Radio-Victor Corporation of America, \href{http://home.att.net/~theremin1/RCA/RCA_Service_Notes/service_notes.html}{RCA Theremin Service Notes}}},
	year = {1929}
}

@MISC{vicon,
	author = {Vicon},
	note = {\href{http://www.vicon.com}{http://www.vicon.com}},
	year = {2009}
}





//----------------------------------------------					------------------------------------------------//
//----------------------------------------------		1893			------------------------------------------------//
//----------------------------------------------					------------------------------------------------//

@ARTICLE{binet:RP1893,
	author = {A. Binet and J. Courtier},
	title = {{Sur la Vitesse des Mouvements Graphiques}},
	journal = {Revue Philosophique},
	volume = {35},
	pages = {664--671},
	year = {1893}
}





//----------------------------------------------					------------------------------------------------//
//----------------------------------------------		1899			------------------------------------------------//
//----------------------------------------------					------------------------------------------------//

@ARTICLE{woodworth:PR1899,
	author = {R. Woodworth},
	title = {{The Accuracy of Voluntary Movement}},
	journal = {Psychological Review},
	volume = {3},
	pages = {1--106},
	year = {1899}
}





//----------------------------------------------					------------------------------------------------//
//----------------------------------------------		1914			------------------------------------------------//
//----------------------------------------------					------------------------------------------------//

@ARTICLE{freeman:PR14,
	author = {F. Freeman},
	title = {{Experimental Analysis of the Writing Movement}},
	journal = {Psychological Review Monographs},
	volume = {17},
	number = {4},
	pages = {1--46},
	year = {1914}
}





//----------------------------------------------					------------------------------------------------//
//----------------------------------------------		1954			------------------------------------------------//
//----------------------------------------------					------------------------------------------------//

@ARTICLE{fitts:JEP54,
	author = {P. Fitts},
	title = {{The Information Capacity of the Human Motor System in Controlling the Amplitude of Movement}},
	journal = {{Journal of Experimental Psychology}},
	year = {1954},
	volume = {47},
	number = {6},
	pages = {381--391}
}





//----------------------------------------------					------------------------------------------------//
//----------------------------------------------		1959			------------------------------------------------//
//----------------------------------------------					------------------------------------------------//

@ARTICLE{greville:SIAM59,
	author = {T. Greville},
	title = {{The Pseudoinverse of a Rectangular or Singular Matrix and its Application to the Solution of Systems of Linear Equations}},
	journal = {Society for Industrial and Applied Mathematics Review},
	volume = {1},
	number = {1},
	year = {1959},
	pages = {38--43},
	publisher = {Society for Industrial and Applied Mathematics}
}

@BOOK{hiller59,
	author = {L. Hiller and L. Isaacson},
	title = {{Experimental Music}},
	year = {1959},
	publisher = {McGraw-Hill},
	address = {New York, USA}
}	





//----------------------------------------------					------------------------------------------------//
//----------------------------------------------		1962			------------------------------------------------//
//----------------------------------------------					------------------------------------------------//

@ARTICLE{mathews:GV62,
	author = {M. Mathews and J. Pierce and N. Guttman},
	title = {{Musikalische Kl{\"a}nge von Digitalrechnern (Musical Sounds from Digital Computers)}},
	journal = {Gravesaner Bl{\"a}tter},
	number = {23-24},
	pages = {109--118:119--128},
	year = {1962}
}

@INPROCEEDINGS{kelly:ICA62,
	author = {J. Kelly and C. Lochbaum},
	title = {{Speech Synthesis}},
	booktitle = {{Proc. of the International Congress on Acoustics (ICA)}},
	pages = {1--4},
	year = {1962}
}





//----------------------------------------------					------------------------------------------------//
//----------------------------------------------		1966			------------------------------------------------//
//----------------------------------------------					------------------------------------------------//

@ARTICLE{pierce:Playboy65,
	author = {J. Pierce},
	title = {{Portrait of the Machine as a Yound Artist}},
	journal = {Playboy},
	volume = {12},
	number = {6},
	pages = {184--185},
	year = {1965}
}





//----------------------------------------------					------------------------------------------------//
//----------------------------------------------		1966			------------------------------------------------//
//----------------------------------------------					------------------------------------------------//

@ARTICLE{feldman:Biophysics66,
	author = {A. Feldman},
	title = {{Functional Tuning of the Nervous System with Control of Movement or Maintenance of a Steady Posture -- ii. Controllable Parameters of the Muscles}},
	journal = {Biophysics},
	number = {11},
	volume = {3},
	pages = {565--578},
	year = {1966}
}

@ARTICLE{flanagan:BTJ66,
	author = {J. Flanagan and R. Golden},
	title = {{The Phase Vocoder}},
	journal = {The Bell System Technical Journal},
	volume = {45},
	pages = {1493--1509},
	year = {1966}
}





//----------------------------------------------					------------------------------------------------//
//----------------------------------------------		1967			------------------------------------------------//
//----------------------------------------------					------------------------------------------------//

@ARTICLE{dempster:AJA67,
	author = {W. Dempster and G. Gaughran},
	title = {{Properties of Body Segments based on Size and Weight}},
	journal = {{American Journal of Anatomy}},
	volume = {120},
	number = {1},
	pages = {33--54},
	year = {1967}
}





//----------------------------------------------					------------------------------------------------//
//----------------------------------------------		1968			------------------------------------------------//
//----------------------------------------------					------------------------------------------------//

@MISC{carter68,
	author = {E. Carter},
	note = {Eight Pieces for Four Timpani (one player). In \emph{Associated Music Publishers} (eds)},
	year = {1968}
}

@ARTICLE{keel:PB68,
	author = {S. Keele},
	title = {{Movement Control in Skilled Motor Performance}},
	journal = {Psychological Bulletin},
	volume = {70},
	pages = {387--403},
	year = {1968}
}





//----------------------------------------------					------------------------------------------------//
//----------------------------------------------		1969			------------------------------------------------//
//----------------------------------------------					------------------------------------------------//

@ARTICLE{risset:PT69,
	author = {J.~C. Risset and M. Mathews},
	title = {{Analysis of Musical Instrument Tones}},
	journal = {Physics Today},
	volume = {22},
	pages = {23--30},
	year = {1969}
}

@PHDTHESIS{ruiz69,
	author = {P. Ruiz},
	title = {{A Technique for Simulating the Vibrations of Strings with a Digital Computer}},
	school = {University of Illinois, USA},
	year = {1969}
}
    
@ARTICLE{whitney:TMMS69,
	author = {D. Whitney},
	title = {{Resolved Motion Rate Control of Manipulators and Human Prostheses}},
	journal = {IEEE Transactions on Man-Machine Systems},
	volume = {10},
	number = {2},
	pages = {47--53},
	year = {1969}
}





//----------------------------------------------					------------------------------------------------//
//----------------------------------------------		1971			------------------------------------------------//
//----------------------------------------------					------------------------------------------------//

@ARTICLE{burtnyk:SMPTE71,
	author = {N. Burtnyk and M. Wein},
	title = {{Computer Generated Keyframe Animation}},
	journal = {Journal of the Society of Motion Picture and Television Engineers},
	year = {1971},
	volume = {80},
	pages = {149--153},
	number = {3}
}

@ARTICLE{hiller:JAES71,
	author = {L. Hiller and P. Ruiz},
	title = {{Synthetizing Musical Sounds by Solving the Wave Equation for Vibrating Objects: Parts I and II.}},
	journal = JAES,
	year = {1971},
	volume = {19},
	pages = {462--470 and 542--551},
	number = {6 and 7}
}




//----------------------------------------------					------------------------------------------------//
//----------------------------------------------		1975			------------------------------------------------//
//----------------------------------------------					------------------------------------------------//

@BOOK{peters75,
	author = {G. Peters},
	title = {{The Drummer: Man}},
	publisher = {Kemper-Peters Publications},
	year = {1975}
}

@ARTICLE{schmidt:PR75,
	author = {R. Schmidt},
	title = {{A Schema Theory od Discrete Motor Skills Learning}},
	journal = {{Psychological Review}},
	year = {1975},
	volume = {83},
	pages = {225--260},
}




//----------------------------------------------					------------------------------------------------//
//----------------------------------------------		1976			------------------------------------------------//
//----------------------------------------------					------------------------------------------------//

@ARTICLE{cavagna:JP76,
	author = {G. Cavagna and N. Heglund and C. taylor},
	title = {{The Sources of External Work in Level Walking and Running}},
	journal = {Journal of Physiology},
	volume = {262},
	pages = {639--657},
	year = {1976}
}	





//----------------------------------------------					------------------------------------------------//
//----------------------------------------------		1977			------------------------------------------------//
//----------------------------------------------					------------------------------------------------//

@ARTICLE{liegeois:SMC77,
	author = {A. Li{\'e}geois},
	title = {{Automatic Supervisory Control of the Configuration and Behavior of Multi-body Mechanisms}},
	journal = {IEEE Transactions on Systems Man and Cybernetics},
	volume = {7},
	number = {12},
	year = {1977},
	pages = {868--871}
}





//----------------------------------------------					------------------------------------------------//
//----------------------------------------------		1978			------------------------------------------------//
//----------------------------------------------					------------------------------------------------//

@ARTICLE{catmull:SIGGRAPH78,
	author = {E. Catmull},
	title = {{The Problems of Computer-Assisted Animation}},
	journal = SIGGRAPHJournal,
	volume = {12},
	number = {3},
	pages = {348--353},
	year = {1978}
}





//----------------------------------------------					------------------------------------------------//
//----------------------------------------------		1979			------------------------------------------------//
//----------------------------------------------					------------------------------------------------//

@PHDTHESIS{cadoz:PhD79,
	author = {C. Cadoz},
	title = {{Synth{\`e}se de Sons par Simulation de M{\'e}canismes Vibratoires : Application auz Sons Musicaux}},
	school = {Institut National Polytechnique de Grenoble, France},
	year = {1979}
}





//----------------------------------------------					------------------------------------------------//
//----------------------------------------------		1980			------------------------------------------------//
//----------------------------------------------					------------------------------------------------//

@ARTICLE{strawn:CMJ80,
	author = {J. Strawn},
	title = {{Approximation and Syntactic Analysis of Amplitude and Frequency Functions for Digital Sound Synthesis}},
	journal = CMJ,
	volume = {4},
	number = {3},
	pages = {3--24},
	year = {1980}
}





//----------------------------------------------					------------------------------------------------//
//----------------------------------------------		1981			------------------------------------------------//
//----------------------------------------------					------------------------------------------------//

@BOOK{paul81,
	author = {R. Paul},
	title = {{Robot Manipulators: Mathematics, Programming and Control}},
	year = {1981},
	publisher = {MIT Press},
	address = {Campridge, USA}
}

@BOOK{gill81,
	author = {P. Gill and W. Murray and M. Wright},
	title = {{Practical Optimization}},
	year = {1981},
	publisher = {Academic Press},
	address = {New York, USA}
}





//----------------------------------------------					------------------------------------------------//
//----------------------------------------------		1982			------------------------------------------------//
//----------------------------------------------					------------------------------------------------//

@ARTICLE{rossing:SA82,
	author = {T. Rossing},
	title = {{The Physics of Kettledrums}},
	journal = {Scientific American},
	volume = {247},
	number = {5},
	pages = {172--178},
	year = {1982}
}

@ARTICLE{viviani:N82,
	author = {P. Viviani and C. Terzuolo},
	title = {{Trajectory Determines Movement Dynamics}},
	journal = {{Neuroscience}},
	year = {1982},
	volume = {7},
	number = {2},
	pages = {431--437}
}

@ARTICLE{zeltzer:IEEECGA82,
	author = {D. Zeltzer},
	title = {{Motor Control Techniques for Figure Aniamtion}},
	journal = {{IEEE Computer graphics and Applications}},
	volume = {2},
	number = {9},
	pages = {53--59},
	year = {1982}
}





//----------------------------------------------					------------------------------------------------//
//----------------------------------------------		1983			------------------------------------------------//
//----------------------------------------------					------------------------------------------------//

@ARTICLE{jaffe:CMJ83,
	author = {D. Jaffe and J.~O. Smith},
	title = {{Extensions of the Karplus-Strong Plucked-String Algorithm}},
	journal = CMJ,
	volume = {7},
	number = {2},
	pages = {56--69},
	year = {1983}
}

@ARTICLE{karplus:CMJ83,
	author = {A. Strong and K. Karplus},
	title = {{Digital Synthesis of Plucked Strings and Drum Timbres}},
	journal = CMJ,
	year = {1983},
	volume = {7},
	pages = {43--55},
	number = {2}
}

@ARTICLE{klein:TSMC83,
	author = {C. Klein and C.-H. Huang},
	title = {{Review of Pseudoinverse Control for Use with Kinematically Redundant Manipulators}},
	journal = TSMC,
	volume = {13},
	number = {3},
	pages = {245--250},
	year = {1983},
}

@ARTICLE{mcIntyre:JASA83,
	author = {M. McIntyre and R. Schumacher and J. Woodhouse},
	title = {{On the Oscillations of Musical Instruments}},
	journal = JASA,
	volume = {74},
	number = {5},
	pages = {1325--1345},
	year = {1983}
}

@INPROCEEDINGS{haflich:ICMC83,
	author = {F. Haflich and M. Burns},
	title = {{Following a Conductor: The Engineering of an Input Device}},
	booktitle = ICMC,
	year = {1983}
}

@PHDTHESIS{smith:PhD83,
	author = {J.~O. Smith},
	title = {{Techniques for Digital Filter Design and System Identification with Application to the Violin}},
	school = {Stanford University, USA},
	year = {1983}
}





//----------------------------------------------					------------------------------------------------//
//----------------------------------------------		1984			------------------------------------------------//
//----------------------------------------------					------------------------------------------------//

@INPROCEEDINGS{dannenberg:ICMC84,
	author = {R. Dannenberg},
	title = {{An On-line Algorithm for Real-time Accompaniment}},
	booktitle = ICMC,
	pages = {193--198},
	year = {1984}
}

@ARTICLE{kochanek:SIGGRAPH84,
	author = {D. Kochanek and R. Bartels},
	title = {{Interpolating Splines with Local Tension, Continuity, and Bias Control}},
	journal = SIGGRAPHJournal,
	year = {1984},
	volume = {18},
	pages = {33--41},
	number = {3}
}

@ARTICLE{mcmahon:IJRR84,
	author = {T. McMahon},
	title = {{Mechanics of Locomotion}},
	journal = {International Journal of Robotics Research},
	volume = {3},
	number = {2},
	pages = {4--28},
	year = {1984}
}	

@BOOK{noak84,
	author = {F.~W. Noak},
	title = {{Timpani Sticks}},
	publisher = {Percussion Anthology. The Instrumentalist},
	year = {1984},
	note = {Third edition}
}

@BOOK{peters84,
	author = {G.~B. Peters},
	title = {{Un-contestable Advice for Timpani and Marimba Players}},
	publisher = {Percussion Anthology. The Instrumentalist},
	year = {1984},
	note = {Third edition}
}

@INPROCEEDINGS{vercoe:ICMC84,
	author = {B. Vercoe},
	title = {{The Synthetic Performer in the Context of Live Performance}},
	booktitle = ICMC,
	pages = {199--200},
	year = {1984}
}

@INPROCEEDINGS{wolovitch:DC84,
	author = {W. Wolovitch and H. Elliot},
	title = {{A Computational Technique for Inverse Kinematics}},
	booktitle = {Proc. of the Conference on Decision and Control},
	year = {1984},
	pages = {1359--1362}
}




//----------------------------------------------					------------------------------------------------//
//----------------------------------------------		1985			------------------------------------------------//
//----------------------------------------------					------------------------------------------------//

@ARTICLE{armstrong:VC85,
	author = {W. Armstrong and M. Green},
	title = {{The Dynamics of Articulated Rigid Bodies for Purposes of Animation}},
	journal = VC,
	year = {1985},
	volume = {1},
	pages = {231--240}
}

@ARTICLE{flash:N85,
	author = {T. Flash and N. Hogan},
	title = {{Th Coordination of Arm Movements: an Experimentally Confirmed Mathematical Model}},
	journal = {Neuroscience},
	volume = {5},
	number = {7},
	pages = {1688--1703},
	year = {1985}
}

@ARTICLE{girard:CG85,
	author = {M. Girard and A. Maciejewski},
	title = {{Computational Modeling for the Computer Animation of Legged Figures}},
	journal = {Computer Graphics},
	volume = {19},
	number = {3},
	pages = {263--270},
	year = {1985}
}

@BOOK{korein85,
	author = {J. Korein},
	title = {{A Geometric Investigation of Reach}},
	year = {1985},
	publisher = {MIT press}
}

@PHDTHESIS{luciani:PhD85,
	author = {A. Luciani},
	title = {{Un Outil Informatique de Cr{\'e}ation d'Images Anim{\'e}es : Mod{\`e}les d'Objets, Langage, Contr{\^o}le Gestuel en Temps-r{\'e}el} -- Le Syst{`e}me ANIMA},
	school = {Institut National Polytechnique de Grenoble, France},
	year = {1985}
}

@ARTICLE{shoemake:SIGGRAPH85,
	author = {K. Shoemake},
	title = {{Animating Rotation with Quaternion Curves}},
	journal = SIGGRAPHJournal,
	year = {1985},
	volume = {19},
	pages = {245--254},
	number = {3},
	publisher = {ACM}
}

@INPROCEEDINGS{wilhelms:GI85,
	author = {J. Wilhelms and B. Barsky},
	title = {{Using Dynamic Analysis to Animate Articulated Bodies as Humans and Robots}},
	booktitle = GRAPHINT,
	pages = {97--104},
	year = {1985}
}





//----------------------------------------------					------------------------------------------------//
//----------------------------------------------		1986			------------------------------------------------//
//----------------------------------------------					------------------------------------------------//

@ARTICLE{dolson:CMJ86,
	author = {M. Dolson},
	title = {{The Phase Vocoder: a Tutorial}},
	journal = CMJ,
	volume = {10},
	number = {4},
	pages = {14--27},
	year = {1986}
}

@BOOK{raibert86,
	author = {M. Raibert},
	title = {{Legged Robots that Balance}},
	year = {1986},
	publisher = {MIT Press}
}

@PHDTHESIS{razafindrakoto:PhD86,
	author = {A. Razafindrakoto},
	title = {{Le Syst{\`e}me ANIMA: Editeur d'Objets Producteurs d'Images, Implantation d'Algorithmes de Simulation Temps-r{\'e}el}},
	school = {Universit{\'e} Scientifique, Technologique et M{\'e}dicale de Grenoble, France},
	year = {1986}
}

@INPROCEEDINGS{smith:ICMC86,
	author = {J.~O. Smith},
	title = {{Efficient Simulation of the Reed-bore and Bow-string Mechanisms}},
	booktitle = ICMC,
	pages = {275--280},
	year = {1986}
}

@ARTICLE{wampler:SMC86,
	author = {C. Wampler},
	title = {{Manipulator Inverse Kinematic Solutions based on Vector Formulations and Damped Least Squares}},
	journal = {IEEE Transactions on Systems, Man and Cybernetics},
	volume = {16},
	number = {1},
	year = {1986},
	pages = {93--101},
	publisher = {IEEE Press}
}

@INPROCEEDINGS{wihelms:GI86,
	author = {J. Wilhelms},
	title = {{Virya - A Motion Control Editor for Kinematic and Dynamic Animation}},
	booktitle = GRAPHINT,
	pages = {141--146},
	year = {1986}
}




//----------------------------------------------					------------------------------------------------//
//----------------------------------------------		1987			------------------------------------------------//
//----------------------------------------------					------------------------------------------------//

@ARTICLE{isaacs:SIGGRAPH87,
	author = {P. Isaacs and M. Cohen},
	title = {{Controlling Dynamic Simulation with Kinematic Constraints, Behavior Functions and Inverse Dynamics}},
	journal = SIGGRAPHJournal,
	volume = {21},
	number = {4},
	pages = {215--224},
	year = {1987}
}

@INPROCEEDINGS{garnett:ICMC87,
	author = {G. Garnett},
	title = {{Modeling Piano Sound using Digital Waveguide Filtering Techniques}},
	booktitle = ICMC,
	pages = {89--95},
	year = {1987}
}

@PHDTHESIS{gibet:PhD87,
	author = {Gibet, S.},
	title = {{Codage, Repr{\'e}sentation et Traitement du Geste Instrumental}},
	school = {{Institut National Polytechnique de Grenoble, France}},
	year = {1987}
}

@ARTICLE{lasseter:SIGGRAPH87,
	author = {J. Lasseter},
	title = {{Principles of Traditional Animation Applied to 3D Computer Animation}},
	journal = SIGGRAPHJournal,
	year = {1987},
	volume = {21},
	pages = {35--44},
	number = {4}
}

@INPROCEEDINGS{sciavicco:ICRA87,
	author = {W. Wolovitch and H. Elliot},
	title = {{A Dynamic Solution to the Inverse Kinematic Problem of Redundant Manipulators}},
	booktitle = ICRA,
	year = {1987},
	pages = {1081--1086}
}

@MISC{smith87,
	author = {J.~O. Smith},
	note = {Music Applications of Digital Waveguides. \emph{Technical Report STAN-M-39}, CCRMA, Dept. of Music, Stanford University, USA},
	year = {1987}
}

@ARTICLE{wilhelms:CGA87,
	author = {J. Wilhelms},
	title = {{Using Dynamic Analysis for Realistic Animation of Articulated Bodies}},
	journal = {{IEEE Computer Graphics and Applications}},
	volume = {7},
	number = {6},
	pages = {12--27},
	year = {1987}
}

@ARTICLE{zicarelli:CMJ87,
	author = {D. Zicarelli},
	title = {{M and Jam Factory}},
	journal = CMJ,
	volume = {11},
	number = {4},
	pages = {13--29},
	year = {1987}
}





//----------------------------------------------					------------------------------------------------//
//----------------------------------------------		1988			------------------------------------------------//
//----------------------------------------------					------------------------------------------------//

@PHDTHESIS{arnaldi:PhD88,
	author = {B. Arnaldi},
	title = {{Conception du Noyau d'un Syst{\`e}me d'Animation de Sc{\`e}nes Tridimensionnelles int{\'e}grant les Lois de la M{\'e}canique}},
	school = {universit{\'e} de Rennes I, France},
	year = {1988}
}

@ARTICLE{barzel:SIGGRAPH88,
	author = {R. Barzel and A. Barr},
	title = {{A Modeling System based on Dynamic Constraints}},
	journal = SIGGRAPHJournal,
	volume = {22},
	number = {4},
	pages = {179--188},
	year = {1988}
}

@ARTICLE{fantapie88,
	author = {H.~C. Fantapi{\hehe\'e}},
	title = {{L'Analyse de la Partition dans la Pratique du Chef d'Orchestre, de l'Analyse de l'Ecrit a l'Analyse du Geste}},
	journal = {{Revue d'Analyse Musicale}},
	year = {1988},
	volume = {10},
	pages = {26--30}
}

@INPROCEEDINGS{gibet:ICMC88,
	author = {S. Gibet and J.~L. Florens},
	title = {{Instrumental Gesture Modeling by Identification with Time-Varying Mechanical Models}},
	journal = ICMC,
	year = {1988},
	pages = {28--40}
}

@ARTICLE{hahn:CG88,
	author = {J. Hahn},
	title = {{Realistic animation of rigid bodies}},
	journal = {{Computer Graphics}},
	volume = {22},
	number = {4},
	pages = {299--308},
	year = {1988}
}

@ARTICLE{maciejewski:JRS88,
	author = {A. Maciejewski and C. Klein},
	title = {{Numerical Filtering for the Operation of Robotic Manipulators through Kinematically Singular Conﬁgurations}},
	journal = {Journal of Robotic Systems},
	volume = {5},
	number = {6},
	pages = {527--552},
	year = {1988}
}

@ARTICLE{tost:VC88,
	author = {D. Tost and X. Pueyo},
	title = {{Human Body ANimation: a Survey}},
	journal = {{The Visual Computer}},
	year = {1998},
	volume = {3},
	pages = {254--264},
	publisher = {Springer-Verlag}
}

@ARTICLE{wann:JEP88,
	author = {J. Wann and I. Ninno-Smith and A. Wing},
	title = {{Relation between Velocity and Curvature in Movement: Equivalence and Divergence between a Power Law and a Minimum-Jerk Model}},
	journal = {Journal of Experimental Psychology},
	volume = {14},
	number = {2},
	pages = {622--637},
	year = {1988}
}

@ARTICLE{witkin:SIGGRAPH88,
	author = {A. Witkin and M. Kass},
	title = {{Spacetime Constraints}},
	journal = SIGGRAPHJournal,
	year = {1988},
	volume = {22},
	pages = {159--168},
	number = {4},
	publisher = {ACM}
}




//----------------------------------------------					------------------------------------------------//
//----------------------------------------------		1989			------------------------------------------------//
//----------------------------------------------					------------------------------------------------//

@PHDTHESIS{adrien:PhD89,
	author = {J.~M. Adrien},
	title = {{Etude de Structures Complexes Vibrantes, Applications {\`a} la Synth{\`e}se par Mod{\`e}les Physiques}},
	school = {{Universit{\'e} de Paris VI, France}},
	year = {1989}
}

@ARTICLE{baraff:SIGGRAPH89,
	author = {D. Baraff},
	title = {{Analytical Methods for Dynamic Simulation of Non-Penetrating Rigid Bodies}},
	journal = SIGGRAPHJournal,
	year = {1989},
	volume = {23},
	pages = {223--232},
	number = {3},
	publisher = {ACM}
}

@INPROCEEDINGS{boie:ICMC89,
	author = {R. Boie and M. Mathews and A. Schloss},
	title = {{The Radio Drum as a Synthesizer Controller}},
	booktitle = ICMC,
	year = {1989},
	pages = {42--45}
}

@BOOK{craig89,
	author = {J. Craig},
	title = {Intoduction to Robotics: Mechanics and Control},
	publisher = {Addison-Wesley Publishing Co.},
	year = {1989}
}

@ARTICLE{gaver:HCI89,
	author = {Gaver, W},
	title = {{The SonicFinder: an Interface that uses Auditory Icons}},
	journal = {{Human-Computer Interaction}},
	volume = {4},
	pages = {67--94},
	year = {1989}
}

@INPROCEEDINGS{keane:ICMC89,
	author = {D. Keane and P. Gross},
	title = {{The MIDI Baton}},
	booktitle = ICMC,
	year = {1989},
	pages = {151--154}
}

@MASTERSTHESIS{laughlin:MsC89,
	author = {R. Laughlin},
	title = {{Approximating Harmonic Amplitude Envelopes of Musical Instrument Sounds with Principal Component Analysis}},
	school = {Simon Fraser University, Canada},
	year = {1989}
}

@INPROCEEDINGS{morita:ICMC89,
	author = {H. Morita and S. Otheru and and S. Hashimoto},
	title = {{Computer Music System which Follows a Human Conductor}},
	booktitle = ICMC,
	year = {1989},
	pages = {207--210}
}

@MISC{shottstaedt89,
	author = {W. Shottstaedt},
	note = {Automatic Counterpoint. In \emph{Current Directions in Computer Music Research}, pp. 199--214, MIT Press},
	year = {1989}
}





//----------------------------------------------					------------------------------------------------//
//----------------------------------------------		1990			------------------------------------------------//
//----------------------------------------------					------------------------------------------------//

@MISC{andersson90,
	author = {G. Andersson and J. Winters},
	note = {Role of Muscle in Postural Tasks: Spinal Loading and Postural Stability. In \emph{Multiple Muscle Systems: Biomechanics and Movement Organization}, pp. 377--408, Springer-Verlag},
	year = {1990}
}

@ARTICLE{baraff:SIGGRAPH90,
	author = {D. Baraff},
	title = {{Curved Surfaces and Coherence for Non-Penetrating Rigid Body Simulation}},
	journal = SIGGRAPHJournal,
	year = {1990},
	volume = {24},
	pages = {19--28},
	number = {4},
	publisher = {ACM}
}

@ARTICLE{cadoz:CMJ90,
	author = {C. Cadoz and L. Lisowski and J.~L. Florens},
	title = {{A Modular Feedback Keyboard Design}},
	journal = CMJ,
	volume = {14},
	number = {2},
	pages = {47--51},
	year = {1990}
}

@INPROCEEDINGS{cadoz:ICMC90,
	author = {C. Cadoz and C. Ramstein},
	title = {{Capture, Representation, and Composition of the Instrumental Gesture}},
	booktitle = ICMC,
	year = {1990},
	pages = {53--56}
}

@MISC{dumont90,
	author = {G. Dumont and B. Arnaldi and G. H{\'e}gron},
	title = {{Automatic Animation Control}},
	note = {Publication Interne no. 511 Irisa- 1170 Inria, IRISA-INRIA},
	year = {1990}
}

@INPROCEEDINGS{gibet:ICMC90,
	author = {Gibet, S. and Marteau, P.~F.},
	title = {{Gestural Control of Sound Synthesis}},
	booktitle = ICMC,
	pages = {387--391},
	year = {1990}
}

@MISC{lytle:SIGGRAPH90,
	author = {W. Lytle},
	note = {More Bells and Whistles. In SIGGRAPH Computer Animation Festival},
	year = {1990}
}

@INPROCEEDINGS{morita:ICMC90,
	author = {H. Morita and H. Watanabe and T. Harada and S. Otheru and and S. Hashimoto},
	title = {{Knowledge Information Processing in Conducting Computer Music Performance}},
	booktitle = ICMC,
	year = {1990},
	pages = {332--334}
}

@BOOK{press90,
	author = {W. Press and B. Flannery and S. Teukolsky and W. Vetterling},
	title = {{Numerical Recipes in C - The Art of Scientific Computing}},
	year = {1990},
	publisher = {Cambridge University Press},
	address = {Cambridge, USA}
}

@ARTICLE{serra:AES90,
	author = {M.-H. Serra and D. Dubine and R. Dannenberg},
	title = {{Analysis and Synthesis of Tones by Spectral Interpolation}},
	journal = JAES,
	volume = {38},
	number = {3},
	pages = {111--128},
	year = {1990}
} 

@ARTICLE{serra:CMJ90,
	author = {X. Serra and J. Smith},
	title = {{Spectral Modeling Synthesis: a Sound Analysis/Synthesis System based on a Deterministic plus Stochastic Decomposition}},
	journal = CMJ,
	volume = {14},
	number = {4},
	pages = {12--24},
	year = {1990}
} 

@INPROCEEDINGS{vandePanne:SIGGRAPH90,
	author = {M. van de Panne and E. Fiume and Z. Vranesic},
	title = {{Reusable Motion Synthesis usinf State-Space Controllers}},
	booktitle = SIGGRAPH,
	number ={4},
	pages = {225--234},
	year = {1990}
} 

@MISC{zajac90,
	author = {F. Zajac and J. Winters},
	note = {Modeling Musculoskeletal Movement Systems: Joint and Body Segmental Dynamics, Musculoskeletal Actuation and Neuromuscular Control. In \emph{Multiple Muscle Systems: Biomechanics and Movement Organization}, pp 121--148, Springer-Verlag},
	year = {1990}
}





//----------------------------------------------					------------------------------------------------//
//----------------------------------------------		1991			------------------------------------------------//
//----------------------------------------------					------------------------------------------------//

@MISC{adrien91,
	author = {J.~M. Adrien},
	note = {The Missing Link: Modal Synthesis. In \emph{Representations of Musical Signals}, pp. 269--298, MIT Press},
	year = {1991}
}

@BOOK{badler91,
	author = {N. Badler and B. Barsky and D. Zeltzer},
	title = {{Making them Move: Mechanics, Control and Animation of Articulated Figures}},
	year = {1991},
	publisher = {Morgan Kaufmann Publishers Inc.},
	address = {San Francisco, USA}
}

@ARTICLE{baraff:SIGGRAPH91,
	author = {D. Baraff},
	title = {{Coping with Friction for Non-Penetrating Rigid Body Simulation}},
	journal = SIGGRAPHJournal,
	year = {1991},
	volume = {25},
	pages = {31--41},
	number = {4},
	publisher = {ACM}
}

@MISC{dePoli91,
	author = {G. De Poli},
	note = {A Tutorial on Digital Sound Synthesis Techniques. In \emph{The Music Machine}, pp. 429--447, MIT Press},
	year = {1991}
}

@BOOK{fletcher91,
	author = {N. H. Fletcher and T. D. Rossing},
	title = {{Physics of Musical Instruments}},
	year = {1991},
	publisher = {Springer Verlag},
	address = {New-York}
}

@MISC{florens91,
	author = {J.~L. Florens and C. Cadoz},
	note = {The Physical Model: Modeling and Simulating the Instrumental Universe. In \emph{Representations of Musical Signals}, pp. 227--268, MIT Press},
	year = {1991}
}

@MISC{girard91,
	author = {M. Girard},
	note = {Constrained Optimization of Articulated Animal Movement in Computer Animation. In \emph{Making them Move: Mechanics, Control and Animation of Articulated Figures}, pp. 209--229, Morgan Kaufmann Publishers Inc.},
	year = {1991}
}

@INPROCEEDINGS{gleicher:GI91,
	author = {M. Gleicher and A. Witkin},
	title = {{Differential Manipulation}},
	booktitle = GRAPHINT,
	pages = {61--67},
	year = {1991}
}

@INPROCEEDINGS{hodgins:ICRA91,
	author = {J. Hodgins and M. Raibert},
	title = {{Biped Gait Transitions}},
	booktitle = ICRA,
	pages = {2092--2097},
	year = {1991}
}

@ARTICLE{hodgins:TRA91,
	author = {J. Hodgins and M. Raibert},
	title = {{Adjusting Step Length for Rough Terrain Locomotion}},
	journal = {{Transactions on Robotics and Automation}},
	volume = {7},
	number = {3},
	pages = {289--298},
	year = {1991}
}

@INPROCEEDINGS{keane:ICMC91,
	author = {D. Keane and K. Wood},
	title = {{The MIDI Baton III}},
	booktitle = ICMC,
	year = {1991},
	pages = {541--544}
}

@MISC{phillips91,
	author = {C. Philips and N. Badler},
	note = {Interactive Behaviors for Bipedal Articulated Figures. \emph{Technical Report N$^o$ MS-CIS-91-03}, University of Pennsylvania, USA},
	year = {1991}
}

@INPROCEEDINGS{phillips:SIGGRAPH91,
	author = {C. Philips and N. Badler},
	title = {{Interactive Behaviors for Bipedal Articulated Figures}},
	booktitle = SIGGRAPH,
	pages = {359-362},
	year = {1991}
}

@ARTICLE{puckette:CMJ91,
	author = {M. Puckette},
	title = {{Combining Event and Signal Processing in the MAX Graphical Programming Environment}},
	journal = CMJ,
	year = {1991},
	volume = {15},
	number = {3},
	pages = {68--77}
}

@ARTICLE{raibert:SIGGRAPH91,
	author = {M. Raibert and J. Hodgins},
	title = {{Animation of Dynamic Legged Locomotion}},
	journal = SIGGRAPHJournal,
	volume = {25},
	number = {4},
	pages = {349--358},
	year = {1991}
}

@PHDTHESIS{ramstein:PhD91,
	author = {C. Ramstein},
	title = {{Analyse, Repr\'esentation et Traitement du Geste Instrumental}},
	school = {Institut National Polytechnique de Grenoble, France},
	year = {1991}
}

@BOOK{rossing91,
	author = {T. Rossing and N. Fletcher},
	title = {{The Physics of Musical Instruments}},
	publisher = {Springer Verlag},
	year = {1991}
}

@INPROCEEDINGS{siciliano:ICAR91,
	author = {B. Siciliano and J.~J. Slotine},
	title = {{A General Framework for Managing Multiple Tasks in Highly Redundant Robotic Systems}},
	booktitle = {{Proc. of International Conference on Advanced Robotics}},
	pages = {1211--1216},
	year = {1991}
}

@INPROCEEDINGS{smith:ICMC91,
	author = {J.~O. Smith},
	title = {{Viewpoints on the History of Digital Synthesis}},
	booktitle = ICMC,
	year = {1991},
	pages = {1--10}
}

@BOOK{todd91,
	author = {P. Todd and D. Loy},
	title = {{Music and Connectionism}},
	publisher = {MIT Press},
	year = {1991}
}

@ARTICLE{wang:IEERA91,
	author = {L.~C. Wang and C.~C. Chen},
	title = {{A Combined Optimization Method for Solving the Inverse Kinematics Problems of Mechanical Manipulators}},
	journal = {IEEE Transactions on Robotics and Automation},
	volume = {7},
	number = {4},
	pages = {489--499},
	year = {1991}
}

@MASTERSTHESIS{welman:MsC91,
	author = {C. Welman},
	title = {{Inverse Kinematics and Geometric Constraints for Articulated Figure Manipulation}},
	school = {Simon Fraser University, Canada},
	year = {1991}
}

@MISC{wilhelms91,
	author = {J. Wilhelms},
	note = {Dynamic experiences. In \emph{Making them Move: Mechanics, Control and Animation of Articulated Figures}, pp 265--280, Morgan Kaufmann Publishers},
	year = {1991}
}

@ARTICLE{wood:CMJ91,
	author = {P. Wood},
	title = {{Recollections with John Robinson Pierce}},
	journal = CMJ,
	volume = {15},
	number = {4},
	pages = {17--28},
	year = {1991}
}

@ARTICLE{zeleznik:SIGGRAPH91,
	author = {R. Zeleznik and D. Conner and M. Wloka and D. Aliaga and N. Huang and P. Hubbard and B. Knep and H. Kaufman and
		J. Hughes and A. van Dam},
	title = {{An Object-Oriented Framework for the Integration of Interactive Animation Techniques}},
	journal = SIGGRAPHJournal,
	year = {1991},
	volume = {25},
	pages = {105--112},
	number = {4},
	publisher = {ACM}
}




//----------------------------------------------					------------------------------------------------//
//----------------------------------------------		1992			------------------------------------------------//
//----------------------------------------------					------------------------------------------------//

@ARTICLE{baraff:SIGGRAPH92,
	author = {D. Baraff and A. Witkin},
	title = {{Dynamic Simulation of Non-Penetrating Flexible Bodies}},
	journal = SIGGRAPHJournal,
	year = {1992},
	volume = {26},
	pages = {303--308},
	number = {2},
	publisher = {ACM}
}

@ARTICLE{barr:SIGGRAPH92,
	author = {A. Barr and B. Currin and S. Gabriel and J. Hughes},
	title = {{Smooth Interpolation of Orientations with Angular Velocity Constraints using Quaternions}},
	journal = SIGGRAPHJournal,
	year = {1992},
	volume = {26},
	pages = {313--320},
	number = {2},
	publisher = {ACM}
}

@ARTICLE{boulic:CGF92,
	author = {R. Boulic and N. Magnenat-Thalmann and D. Thalmann},
	title = {{Combined Direct and Inverse Kinematic Control for Articulated Figure Motion Editing}},
	journal = CGF,
	volume = {11},
	number = {4},
	pages = {189--202},
	year = {1992}
}

@INPROCEEDINGS{cohen:SIGGRAPH92,
	author = {M. Cohen},
	title = {{Interactive Spacetime Control for Animation}},
	booktitle = SIGGRAPH,
	pages = {293--302},
	year = {1992}
}

@INPROCEEDINGS{lee:ICMC92,
	author = {M. Lee and D. Wessel},
	title = {{Connectionist Models for Real-time Control of Synthesis and Compositional Algorithms}},
	booktitle = ICMC,
	pages = {277--280},
	year = {1992}
}

@ARTICLE{metaxas:SIGGRAPH92,
	author = {D. Metaxas and D. Terzopoulos},
	title = {{Dynamic Deformation of Solid Primitives with Constraints}},
	journal = SIGGRAPHJournal,
	year = {1992},
	volume = {26},
	pages = {309--312},
	number = {2},
	publisher = {ACM}
}

@ARTICLE{orduna:JASA91,
	author = {F. Ord{\~u}na-Bustamante},
	title = {{Nonuniform Beams with Harmonically-related Overtones for Use in Percussion Instruments}},
	journal = JASA,
	volume = {90},
	number = {6},
	pages = {2935--2941},
	year = {1991}
}

@ARTICLE{takala:SIGGRAPH92,
	author = {T. Takala and J. Hahn},
	title = {{Sound Rendering}},
	journal = SIGGRAPHJournal,
	year = {1992},
	volume = {26},
	pages = {211--220},
	number = {2},
	publisher = {ACM}
}

@ARTICLE{smith:CMJ92,
	author = {J.~O. Smith},
	title = {{Physical Modeling using Digital Waveguides}},
	journal = CMJ,
	volume = {16},
	number = {4},
	pages = {74--91},
	year = {1992}
}





//----------------------------------------------					------------------------------------------------//
//----------------------------------------------		1993			------------------------------------------------//
//----------------------------------------------					------------------------------------------------//

@INPROCEEDINGS{agrawal:FDOA93,
	author = {R. Agrawal and C. Faloutsos and A. Swami},
	title = {{Efficient Similarity Search in Sequence Databases}},
	booktitle = {Proc. of the International Conference on Foundations of Data Organization and Algorithms (FODO)},
	year = {1993},
	pages = {69--84}
}

@ARTICLE{cadoz:CMJ93,
	author = {C. Cadoz and A. Luciani and J.~L. Florens},
	title = {{CORDIS-ANIMA: a Modeling and Simulation System for Sound and Image Synthesis - the General Formalism}},
	journal = CMJ,
	year = {1993},
	volume = {17},
	pages = {19--29},
	number = {1}
}

@INPROCEEDINGS{cruzNeira:SIGGRAPH93,
	author = {C. Cruz-Neira and D. Sandin and T. DeFanti},
	title = {{Surround-Screen Projection-Based Virtual Reality: The Design and Implementation of the CAVE}},
	booktitle = SIGGRAPH,
	year = {1993},
	pages = {135--142}
}

@INPROCEEDINGS{karjalainen:SMAC93,
	author = {M. Karjalainen and V. V{\"a}lim{\"a}ki},
	title = {Model-based Analysis/Synthesis of the Acoustic Guitar},
	booktitle = {Proc. of the Stockholm Music Acoustics Conference (SMAC)},
	pages = {443--447},
	year = {1993}
}

@BOOK{rowe93,
	author = {R. Rowe},
	title = {{Interactive Music Systems}},
	publisher = {MIT Press},
	year = {1993}
}
	
@INPROCEEDINGS{vandePanne:SIGGRAPH93,
	author = {M. van de Panne},
	title = {{Sensor-Actuator Networks}},
	booktitle = SIGGRAPH,
	year = {1993},
	pages = {335--342}
}

@INPROCEEDINGS{vanDuyne:ICMC93,
	author = {S. van Duyne and J.~O. Smith},
	title = {{Physical Modeling with the 2-D Digital Waveguide Mesh}},
	booktitle = ICMC,
	year = {1993},
	pages = {40--47}
}




//----------------------------------------------					------------------------------------------------//
//----------------------------------------------		1994			------------------------------------------------//
//----------------------------------------------					------------------------------------------------//

@INPROCEEDINGS{baraff:SIGGRAPH94,
	author = {D. Baraff},
	title = {{Fast Contact Force Computation for Non-Penetrating Rigid Bodies}},
	booktitle = SIGGRAPH94,
	year = {1994},
	pages = {23--34}
}

@ARTICLE{cadoz94,
	author = {C. Cadoz},
	title = {{Le Geste Canal de Communication Homme/Machine. La Communication ''Instrumentale''}},
	journal = {Technique et Science Informatique},
	year = {1994},
	volume = {13},
	pages = {31--61},
	number = {1}
}

@ARTICLE{gibet:JAI94,
	author = {S. Gibet and P.-F. Marteau},
	title = {{A Self-organized Model for the Control, Planning and Learning of Nonlinear Multi-Dimensional Systems using a Sensory Feedback}},
	journal = JAI,
	year = {1994},
	volume = {4},
	pages = {337--349},
	number = {4}
}

@INPROCEEDINGS{koga:SIGGRAPH94,
	author = {Y. Koga and K. Kondo and J. Kuffner and J.~C. Latombe},
	title = {{Planning Motions with Intentions}},
	booktitle = SIGGRAPH,
	year = {1994},
	pages = {395--408}
}

@ARTICLE{mozer:CS94,
	author = {M. Mozer},
	title = {{Neural Network Music Composition by Prediction: Exploring the Benefits of Psychoacoustic Constraints and Multi-scaling Processing}},
	journal = {Connection Science},
	volume = {6},
	number = {2},
	pages = {247--280},
	year = {1994}
}

@INPROCEEDINGS{vandePanne:GI94,
	author = {M. van de Panne and R. Kim and E. Fiume},
	title = {{Virtual Wind-Up Toys for Animation}},
	booktitle = GRAPHINT,
	year = {1994},
	pages = {208--215}
}

@ARTICLE{zhao:TOG94,
	author = {J. Zhao and N. Badler},
	title = {{Inverse Kinematics Positioning using Nonlinear Programming for Highly Articulated Figures}},
	journal = TOG,
	volume = {13},
	number = {4},
	pages = {313--336},
	year = {1994}
}





//----------------------------------------------					------------------------------------------------//
//----------------------------------------------		1995			------------------------------------------------//
//----------------------------------------------					------------------------------------------------//

@BOOK{blades95,
	author = {J. Blades},
	title = {{Percussion Instruments and their History}},
	publisher = {Bold Strummer Ltd},
	year = {1995},
	note = {Second Edition}
}

@ARTICLE{bork:AA95,
	author = {I. Bork},
	title = {{Practical Tuning of Xylophones Bars and Resonators}},
	journal = {Applied Acoustics},
	volume = {46},
	pages = {103--127},
	year = {1995}
}

@INPROCEEDINGS{brecht:ICMC95,
	author = {B. Brecht and G. Garnett},
	title = {{Conductor Follower}},
	booktitle = ICMC,
	year = {1995},
	pages = {185--186}
}

@INPROCEEDINGS{bruderlin:SIGGRAPH95,
	author = {A. Bruderlin and L. Williams},
	title = {{Motion Signal Processing}},
	booktitle = SIGGRAPH,
	year = {1995},
	pages = {97--104}
}

@INPROCEEDINGS{boulic:EG95,
	author = {R. Boulic and R. Mas and D. Thalmann},
	title = {{Position Control of the Center of Mass for Articulated Figures in Multiple Support}},
	booktitle = EG,
	pages = {130--143},
	year = {1995}
}

@MASTERSTHESIS{egozy:MsC95,
	author = {E. Egozy},
	title = {{Deriving Musical Control Features from a Real-time Timbre Analysis of the Clarinet}},
	school = {Massachusetts Institue of Technology, USA},
	year = {1995}
}

@INPROCEEDINGS{cook:ICMC95,
	author = {P. Cook},
	title = {{Integration of Physical Modeling for Synthesis and Animation}},
	booktitle = ICMC,
	pages = {525--528},
	year = {1995}
}

@MASTERSTHESIS{faloutsos:MsC95,
	author = {P. Faloutsos},
	title = {{Physics-Based Animation and Control of Flexible Characters}},
	school = {University of Toronto, Canada},
	year = {1995}
}

@INPROCEEDINGS{fontana95,
	author = {F. Fontana and D. Rochesso},
	title = {{A New Formulation of the 2D-waveguide mesh for percussion instruments}},
	booktitle = {{Proc of the XI Colloquium on Musical Informatics}},
	year = {1995},
	pages = {27--30}
}

@INPROCEEDINGS{grzeszczuk:SIGGRAPH95,
	author = {R. Grzeszczuk and D. Terzopoulos},
	title = {{Automated Learning of Muscle-Actuated Locomotion Through Control Abstraction}},
	booktitle = SIGGRAPH,
	year = {1995},
	pages = {63--70}
}

@ARTICLE{hahn:JVCA95,
	author = {J. Hahn and J. Geigel and J. Won Lee and L. Gritz},
	title = {{An Integrated Approach to Motion and Sound}},
	journal = JVCA,
	year = {1995},
	volume = {6},
	pages = {109--123}
}

@INPROCEEDINGS{hodgins:SIGGRAPH95,
	author = {J. Hodgins and W. Wooten and D. Brogan and J. O'Brien},
	title = {{Animating Human Athletics}},
	booktitle = SIGGRAPH,
	year = {1995},
	pages = {71--78}
}

@MISC{kergomard95,
	author = {J. Kergomard},
	note = {Elementary Considerations on Reed-instruments Oscillations. In \emph{Mechanics of Musical Instruments}, pp. 229--290, Springer-Verlag},
	year = {1995}
}

@ARTICLE{mcadams:PR95,
	author = {S. McAdams and S. Winsberg and S. Donnadieu and G. De Soete and J. Krimphoff},
	title = {{Perceptual Scaling of Synthesized Musical Timbres: Common Dimensions, Specificities, and Latent Subject Classes}},
	journal = {Psychological Research},
	volume = {58},
	pages = {177--192},
	year = {1995}
}

@BOOK{roads95,
	author = {C. Roads},
	title = {{The Computer Music Tutorial}},
	year = {1996},
	publisher = {MIT Press}
}

@MISC{rodet94,
	author = {X. Rodet and P. Depalle and G. Fleury and F. Lazarus},
	note = {Mod{\`e}les de Signaux et Mod{\`e}les Physiques d'Instruments : Etudes et Comparaisons. In \emph{Mod{\`e}les Physiques, Cr{\'e}ation Musicale et Ordinateurs}, Maison des Sciences de l'Homme, pp. 351--370},
	year = {1994}
}
	
@BOOK{rudolf95,
	author = {M. Rudolf},
	title = {{The Grammar of Conducting: a Comprehensive Guide to Baton Technique and Interpretation}},
	year = {1995},
	publisher = {Schirmer Books}
}

@ARTICLE{rule:Keyboard95,
	author = {G. Rule},
	title = {{Keyboard Reports: Korg Wavedrum}},
	journal = {Keyboard},
	year = {1995},
	volume = {21},
	pages = {72--78},
	number = {3}
}

@INPROCEEDINGS{tobey:ICMC95,
	author = {F. Tobey},
	title = {{The Ensemble Member and the Conducted Computer}},
	booktitle = ICMC,
	year = {1995},
	pages = {529--530}
}

@ARTICLE{tovainen:MP95,
	author = {P. Tovainen},
	title = {{Modeling the Target-note Technique Style of Bebop-style Jazz Improvisation: an Artiﬁcial Neural Network Approach}},
	journal = {Music Perception},
	volume = {12},
	number = {4},
	pages = {399--413},
	year = {1995}
}

@INPROCEEDINGS{vanDenDoel95,
	author = {K. van den Doel and D. Pai},
	title = {{Synthesis of Shape Dependent Sounds with Physical Modeling}},
	booktitle = ICAD,
	year = {1996}
}

@BOOK{weidenaar95,
	author = {R. Weidenaar},
	title = {{Magic Music from the Telharmonium}},
	year = {1995},
	publisher = {The Scarecrow Press}
}

@INPROCEEDINGS{witkin:SIGGRAPH95,
	author = {A. Witkin and Z. Popovi{\'c}},
	title = {{Motion Warping}},
	booktitle = SIGGRAPH,
	year = {1995},
	pages = {105--108}
}




//----------------------------------------------					------------------------------------------------//
//----------------------------------------------		1996			------------------------------------------------//
//----------------------------------------------					------------------------------------------------//

@INPROCEEDINGS{amaya:GI96,
	author = {K. Amaya and A. Bruderlin and T. Calvert},
	title = {{Emotion from Motion}},
	booktitle = GRAPHINT,
	year = {1996},
	pages = {222--229}
}

@INPROCEEDINGS{baraff:SIGGRAPH96,
	author = {D. Baraff},
	title = {{Linear-Time Dynamics using Lagrange Multipliers}},
	booktitle = SIGGRAPH,
	year = {1996},
	pages = {137--146}
}

@ARTICLE{boulic:CG96,
	author = {R. Boulic and R. Mas and D. Thalmann},
	title = {{A Robust Approach for the Center of Mass Position Control with Inverse Kinetics}},
	journal = CG,
	volume = {20},
	number = {5},
	pages = {693--701},
	year = {1996}
}

@INPROCEEDINGS{bruderlin:GI96,
	author = {A. Bruderlin and T. Calvert},
	title = {{Knowledge-Driven, Interactive Animation of Human Running}},
	booktitle = GRAPHINT,
	year = {1996},
	pages = {213--221}
}

@ARTICLE{faure:CGF96,
	author = {F. Faure},
	title = {{An Energy-Based Approach for Contact Force Computation}},
	journal = CGF,
	year = {1994},
	volume = {16},
	pages = {357--366}
}

@ARTICLE{gabrielsson96,
	author = {A. Gabrielsson and P. Justlin},
	title = {{Emotional Expression in Music Performance: Between the Performer's Intention and the Listener's Experience}},
	journal = {{Psychology of Music}},
	year = {1996},
	volume = {24},
	pages = {68--91},
	number = {1}
}

@INPROCEEDINGS{hanninen:ICMC96,
	author = {R. H{\"a}nninen and L. Savioja and T. Takala},
	title = {{Virtual concert performance - synthetic animated musicians playing in an acoustically simulated room}},
	booktitle = ICMC,
	year = {1996},
	pages = {402--404}
}

@ARTICLE{ko:IEEECGA96,
	author = {H. Ko and N. Badler},
	title = {{Animating Human Locomotion with Inverse Dynamics}},
	journal = {{IEEE Computer Graphics and Applications}},
	volume = {16},
	number = {2},
	pages = {50--59},
	year = {1996}
}
	
@ARTICLE{laakso:IEEESPM96,
	author = {T. Laakso and V. V{\"a}lim{\"a}ki and M. Karjalainen and U. Laine},
	title = {{Splitting the Unit Delay - Tools for Fractional Delay Filters Design}},
	journal = {IEEE Signal Processing Magazine},
	volume = {13},
	number = {1},
	pages = {30--60},
	year = {1996}
}
	
@INPROCEEDINGS{lazlo:SIGGRAPH96,
	author = {J. Lazlo and M. van de Panne and E. Fiume},
	title = {{Limit Cycle Control and its Application to the Animation of Balancing and Walking}},
	booktitle = SIGGRAPH,
	year = {1996},
	pages = {155--162}
}

@PHDTHESIS{lazlo:PhD96,
	author = {J. Lazlo},
	title = {{Controlling Bipedal Locomotion for Computer Animation}},
	school = {University of Toronto, Canada},
	year = {1996}
}

@INPROCEEDINGS{mccartney:ICMC96,
	author = {J. McCartney},
	title = {{SuperCollider: a New Real-Time Synthesis Language}},
	booktitle = ICMC,
	year = {1996},
	pages = {257–258}
}

@INPROCEEDINGS{milenkovic:SIGGRAPH96,
	author = {V. Milenkovic},
	title = {{Position-Based Physics: Simulating the Motion of Many Highly Interacting Spheres and Polyhedra}},
	booktitle = SIGGRAPH,
	year = {1996},
	pages = {129--136}
}

@ARTICLE{pagneux:JAS96,
	author = {V. Pagneux and N. Amir and J. Kergomard},
	title = {{A Study of Wave Propagation in Varying Cross Section Waveguides by Modal Decomposition -- Part I: Theory and Validation}},
	journal = JAS,
	volume = {100},
	numer = {4},
	pages = {2034--2048},
	year = {1996}
}

@INPROCEEDINGS{puckette:ICMC96,
	author = {M. Puckette},
	title = {{Pure Data}},
	booktitle = ICMC,
	year = {1996},
	pages = {269--272}
}

@INPROCEEDINGS{puckette:SICMC96,
	author = {M. Puckette},
	title = {{Pure Data: another Integrated Computer Music Environment}},
	booktitle = {Proc. of the 2nd Intercollege Computer Music Concerts},
	pages = {37--41},
	year = {1996}
}

@INPROCEEDINGS{rochesso:NAM96,
	author = {D. Rochesso and F. Scalcon},
	title = {{Accurate Dispersion Simulation for Piano Strings}},
	booktitle = {Proc. of the Nordic Acoustical Meeting},
	pages = {407--414},
	year = {1996}
}

@INPROCEEDINGS{rose:SIGGRAPH96,
	author = {C. Rose and B. Guenter and B. Bodenheimer and M. Cohen},
	title = {{Efficient Generation of Motion Transitions using Spacetime Constraints}},
	booktitle = SIGGRAPH,
	year = {1996},
	pages = {147--154}
}

@INPROCEEDINGS{tobey:ICMC96,
	author = {F. Tobey and I. Fujinaga},
	title = {{Extraction of Conducting Gestures in 3D Space}},
	booktitle = ICMC,
	year = {1996},
	pages = {305--307}
}

@ARTICLE{valimaki:JAES96,
	author = {V. V{\"a}lim{\"a}ki and J. Huopaniemi and M. Karjalainen and Z. J{\'a}nosy},
	title = {{Physical Modeling of Plucked String Instruments with Application to Real-time Sound Synthesis}},
	journal = JAES,
	volume = {44},
	number = {5},
	pages = {331--353},
	year = {1996}
}

@INPROCEEDINGS{vanDenDoel:ICAD96,
	author = {k. van den Doel and D. Pai},
	title = {{Synthesis of Shape Dependent Sounds with Physical Modeling}},
	booktitle = ICAD,
	year = {1996}
}

@INPROCEEDINGS{vanDuyne:ICMC96,
	author = {S. van Duyne and J.~O. Smith},
	title = {{The 3D Tetrahedral Digital Waveguide Mesh with Musical Applications}},
	booktitle = ICMC,
	pages = {9--16},
	year = {1996}
}





//----------------------------------------------					------------------------------------------------//
//----------------------------------------------		1997			------------------------------------------------//
//----------------------------------------------					------------------------------------------------//

@INPROCEEDINGS{borin:ICMC97,
	author = {G. Borin and D. Rochesso and F. Scalcon},
	title = {{A Physical Piano Model for Music Performance}},
	booktitle = ICMC,
	pages = {350--353},
	year = {1997}
} 

@INPROCEEDINGS{boulanger:ICMC97,
	author = {R. Boulanger and M. Mathews},
	title = {{The 1997 Mathews' radio baton and improvisation modes}},
	booktitle = ICMC,
	year = {1997},
	pages = {395--398}
}

@INPROCEEDINGS{carlson:GI97,
	author = {D. Carlson and J. Hodgins},
	title = {{Simulation Levels of Detail for Real-Time Animation}},
	booktitle = GRAPHINT,
	year = {1997},
	pages = {1--8}
}

@BOOK{cook97,
	title = {{Teaching Percussion}},
	publisher = {Schirmer Books},
	year = {1997},
	author = {G. Cook},
	note = {Second edition}
}

@BOOK{chadabe97,
	author = {J. Chadabe},
	title = {{Electric Sound: the Past and Promise of Electronic Music}},
	publisher = {Prentice-Hall},
	year = {1997}
}

@ARTICLE{chaigne:JASA97,
	author = {A. Chaigne and V. Doutaud},
	title = {{Numerical Simulation of Xylophones. I. Time-domain modeling of the vibrating bars}},
	journal = JASA,
	year = {1997},
	volume = {101},
	pages = {539--557},
	number = {1}
}

@MISC{dahl97,
  	author = {S. Dahl},
  	note = {Spectral Changes in the Tom-Tom Related to the Striking Force. \emph{Spech, Music and Hearing Quarterly Progress and Status Report}, KTH Royal Institute of Technology, Sweden},
  	year = {1997}
}


@BOOK{dodge97,
	author = {C. Dodge and T.~A. Jerse},
	title = {{Computer Music: Synthesis, Composition and Performance}},
	publisher = {Schirmer - Thomson Learning},
	year = {1997},
	note = {Second edition}
}

@PHDTHESIS{godefroy:PhD97,
	author = {H. Godefroy},
	title = {Etude et Application d'un Systeme de Commandes d'Instruments Virtuels de Percussion},
	school = {Universit\'e Paris VIII},
	year = {1997}
}

@INPROCEEDINGS{hodgins:GI97,
	author = {J. Hodgins and J. O'Brien and J. Tumblin},
	title = {{Do Geometric Models Affect Judgments of Human Motion?}},
	booktitle = GRAPHINT,
	year = {1997},
	pages = {17--25}
}

@INPROCEEDINGS{hodgins:SIGGRAPH97,
	author = {J. Hodgins and N. Pollard},
	title = {{Adapting Simulated Behavior For New Characters}},
	booktitle = SIGGRAPH,
	year = {1997},
	pages = {153--162}
}

@INPROCEEDINGS{marrin:ICMC97,
	author = {T. Marrin and J. Paradiso},
	title = {{The Digital Baton: a Versatile Performance Instrument}},
	booktitle = ICMC,
	year = {1997},
	pages = {313--316}
}

@PHDTHESIS{metois:PhD97,
	author = {E. M\'etois},
	title = {{Musical Sound Information}},
	school = {Massachusetts Institute of Technology, USA},
	year = {1997}
}

@INPROCEEDINGS{savioja:ICAD97,
	author = {Savioja, L. and Huopaniemi, J. and V\"a\"an\"anen, R.},
	title = {{Virtual Environment Simulation - Advances in the DIVA Project}},
	booktitle = ICAD,
	pages = {43--47},
	year = {1997}
}

@INPROCEEDINGS{scheepers:SIGGRAPH97,
	author = {F. Scheepers and R. Parent and W. Carlson and S. May},
	title = {{Anatomy-Based Modeling of the Human Musculature}},
	booktitle = SIGGRAPH,
	year = {1997},
	pages = {163--172}
}

@INPROCEEDINGS{tsingos:GI97,
	author = {N. Tsingos and J.~D. Gascuel},
	title = {{Soundtracks for Computer Animation: Sound Rendering in Dynamic Environments With Occlusions}},
	booktitle = GRAPHINT,
	year = {1997},
	pages = {9--16}
}

@INPROCEEDINGS{werner:ECAL97,
	author = {G. Werner and P. Todd},
	title = {{Too Many Love Songs: Sexual Selection and the Evolution of Communication}},
	booktitle = {{European Conference on Artificial Life (ECAL)}},
	pages = {434--443},
	year = {1997}
}

@ARTICLE{wiley:IEEE-TMMS97,
	author = {D. Wiley and J. Hahn},
	title = {{Interpolation Synthesis of Articulated Figure Motion}},
	journal = {IEEE Transactions on Man-Machine Systems},
	volume = {17},
	pages = {39--45},
	year = {1997}
}

@MASTERSTHESIS{woodGaines:MsC97,
	author = {A. Wood-Gaines},
	title = {{Modelling Expressive Movement of Musicians}},
	school = {Simon Fraser University, Canada},
	year = {1997}
}

@INPROCEEDINGS{wooten:SIGGRAPH97,
	author = {W. Wooten and J. Hodgins},
	title = {{Transitions Between Dynamically Simulated Motions: Leaping, Tumbling, Landing and Balancing}},
	booktitle = {{ACM SIGGRAPH 97 Visual Proceedings: The Art and Interdisciplinary Programs of SIGGRAPH'97}},
	year = {1997},
	pages = {217}
}

@INPROCEEDINGS{wright:ICMC97,
	author = {M. Wright and A. Freed},
	title = {{Open SoundControl: a New Protocol for Communicating with Sound Synthesizers}},
	booktitle = ICMC,
	year = {1997},
	pages = {101--104}
}





//----------------------------------------------					------------------------------------------------//
//----------------------------------------------		1998			------------------------------------------------//
//----------------------------------------------					------------------------------------------------//

@INPROCEEDINGS{baraff:SIGGRAPH98,
	author = {D. Baraff and A. Witkin},
	title = {{Large Steps in Cloth Simulation}},
	booktitle = SIGGRAPH,
	year = {1998},
	pages = {43--54}
}

@INPROCEEDINGS{baerlocher:IROS98,
	author = {P. Baerlocher and R. Boulic},
	title = {{Task-priority Formulations for the Kinematic Control of Highly Redundant Articulated Structures}},
	booktitle = {{Proc. of the International Conference on Intelligent Robots and Systems (IROS)}},
	pages = {323--239},
	year = {1998}
}

@ARTICLE{brogan:IEEECGA98,
	author = {D. Brogan and R. Metoyer and J. Hodgins},
	title = {{Dynamically Simulated Characters in Virtual Environments}},
	journal = {{IEEE Computer Graphics and Applications}},
	year = {1998},
	volume = {15},
	pages = {58--69},
	number = {5}
}

@ARTICLE{doutaud:JASA98,
	author = {V. Doutaud and D. Matignon and A. Chaigne},
	title = {{Numerical Simulation of Xylophones. II. Time-domain Modeling of the Resonator and of the Radiated Sound Pressure}},
	journal = JASA,
	year = {1998},
	volume = {104},
	number = {3},
	pages = {1633--1647}
}

@INPROCEEDINGS{funkhauser:SIGGRAPH98,
	author = {T. Funkhouser and I. Carlbom and G. Elko and G. Pingali and M. Sondhi and J. West},
	title = {{A Beam Tracing Approach to Acoustic Modeling for Interactive Virtual Environments}},
	booktitle = SIGGRAPH,
	year = {1998},
	pages = {21--32}
}

@INPROCEEDINGS{gleicher:SIGGRAPH98,
	author = {M. Gleicher},
	title = {{Retargetting Motion to New Characters}},
	booktitle = SIGGRAPH,
	year = {1998},
	pages = {33--42}
}

@INPROCEEDINGS{grzeskczuk:SIGGRAPH98,
	author = {R. Grzeskczuk and D. Terzopoulos and G. Hinton},
	title = {{NeuroAnimator: Fast Neural Network Emulation and Control of Physics-Based Models}},
	booktitle = SIGGRAPH,
	year = {1998},
	pages = {9--20},
}

@PHDTHESIS{grzeskczuk:PhD98,
	author = {R. Grzeskczuk},
	title = {{NeuroAnimator: Fast Neural Network Emulation and Control of Physics-Based Models}},
	school = {University of Toronto, Canada},
	year = {1998}
}

@INPROCEEDINGS{ilmonen98,
	author = {T. Ilmonen},
	title = {{Tracking Conductor of an Orchestra Using Artificial Neural Networks}},
	booktitle = {{Proc. of STEP'98, the 8th Finnish Artificial Intelligence Conference}},
	year = {1998},
	pages = {227--233}
}

@INPROCEEDINGS{macIntyre:SIGGRAPH98,
	author = {B. MacIntyre and S. Feiner},
	title = {{A Distributed 3D Graphics Library}},
	booktitle = SIGGRAPH,
	year = {1998},
	pages = {361--370}
}

@INPROCEEDINGS{marrin:ICMC98,
	author = {T. Marrin and R. Picard},
	title = {{The Conductor's Jacket: a Device for Recording Expressive Musical Gestures}},
	booktitle = ICMC,
	year = {1998},
	pages = {215--219}
}

@ARTICLE{rose:IEEECGA98,
	author = {C. Rose and M. Cohen and B. Bodenheimer},
	title = {{Verbs and Adverbs: Multidimensional Motion Interpolation using Radial Basis Functions}},
	journal = {{IEE Computer Graphics and Applications}},
	volume = {18},
	number = {5},
	pages = {32--41},
	year = {1998}
}

@MISC{smith98,
	author = {J.~O. Smith},
	note = {Principles of Digital Waveguide Models of Musical Instruments. In \emph{Applications of Digital Signal Processing to Audio and Acoustics}, pp. 417--466, Kluwer Academic Publishers},
	year = {1998}
}

@INPROCEEDINGS{sumner:GI98,
	author = {R. Summer and J. O'Brien and J. Hodgins},
	title = {{Animating Sand, Mud, and Snow}},
	booktitle = GRAPHINT,
	year = {1998},
	pages = {125--132}
}

@MISC{tolonen98,
	author = {T. Tolonen and V. V{\"a}lim{\"a}ki and M. Karjalainen},
	note = {Evaluation of Modern Sound Synthesis Methods. \emph{Technical Report n$^o$ 48}, Helsinki University of Technology, Finland},
	year = {1998}
}

@INPROCEEDINGS{torkos:GI98,
	author = {N. Torkos and M. van de Panne},
	title = {{Footprint-Based Quadruped Motion Synthesis}},
	booktitle = GRAPHINT,
	year = {1998},
	pages = {151-160}
}

@PHDTHESIS{tsingos:PhD98,
	author = {N. Tsingos},
	title = {{Simulation de Champs Sonores de Haute Qualit\'e pour des Applications Graphiques Interactives}},
	school = {Universit\'e Joseph Fourier, France},
	year = {1998}
}

@INPROCEEDINGS{usa:ICMC98,
	author = {S. Usa and Y. Mochida},
	title = {{A Multi-Modal Conducting Simulator}},
	booktitle = ICMC,
	year = {1998},
	pages = {25--32}
}

@ARTICLE{usa:JASJ98,
	author = {S. Usa and Y. Mochida},
	title = {{A Conducting Recognition System on the Model of Musician's Process}},
	journal = JASJ,
	year = {1998},
	volume = {19},
	pages = {275--287},
	number = {4}
}

@ARTICLE{valimaki:JAES98,
	author = {V. V{\"a}lim{\"a}ki and T. Tolonen},
	title = {{Development and Calibration of a Guitar Synthesizer}},
	journal = JAES,
	volume = {46},
	number = {9},
	pages = {766--778},
	year = {1998}
}

@ARTICLE{vanDenDoel:Presence98,
	author = {k. van den Doel and D. Pai},
	title = {{The Sounds of Physical Shapes}},
	journal = Presence,
	volume = {7},
	number = {4},
	pages = {382--395},
	year = {1998}
}

@MASTERSTHESIS{wooten:PhD98,
	author = {W. Wooten},
	title = {{Simulation of Leaping, Tumbling, Landing and Balancing}},
	school = {Georgia Institute of technology, USA},
	year = {1998}
}





//----------------------------------------------					------------------------------------------------//
//----------------------------------------------		1999			------------------------------------------------//
//----------------------------------------------					------------------------------------------------//

@ARTICLE{aydin:VC99,
	author = {Y. Aydin and M. Nakajima},
	title = {{Balance Control and Mass Centre Adjustment of Articulated Figures in Interactive Environments}},
	journal = VC,
	volume = {15},
	number = {3},
	pages = {113--123},
	year = {1999}
}

@ARTICLE{bork:AAA99,
	author = {I. Bork and A. Chaigne and L.-C. Trebuchet and M. Kosfelder and D. Pillot},
	title = {{Comparison between Modal Analysis and Finite Element Modeling of a Marimba Bar}},
	journal = AAA,
	volume = {85},
	number = {2},
	pages = {258--266},
	year = {1999}
}

@INPROCEEDINGS{brand:SIGGRAPH99,
	author = {M. Brand},
	title = {{Voice Puppetry}},
	booktitle = SIGGRAPH,
	year = {1999},
	pages = {21--28}
}

@ARTICLE{bretos:AA99,
	author = {J. Bretos and C. Santamaria and J. Moral},
	title = {{Finite Element Analysis and Experimental Measurements of Natural Eigenmodes and Random Responses of Wooden Bars in Musical Instruments}},
	journal = {Applied Acoustics},
	volume = {56},
	pages = {141--156},
	year = {1999}
}

@INPROCEEDINGS{cook:ICMC99,
	author = {P. Cook and G. Scavone},
	title = {{The Synthesis Toolkit (STK)}},
	booktitle = ICMC,
	year = {1999},
	pages = {164--166}
}

@MASTERSTHESIS{driscoll:MsC99,
	author = {M. Driscoll},
	title = {{A Machine Vision System for Capture and Interpretation of an Orchestra Conductor's Gestures}},
	school = {Worcester Polytechnic Institute, USA},
	year = {1999}
}

@INPROCEEDINGS{funge:SIGGRAPH99,
	author = {J. Funge and X. Tu and D. Terzopoulos},
	title = {{Cognitive Modeling: Knowledge, Reasonning and Planning for Intelligent Characters}},
	booktitle = SIGGRAPH,
	year = {1999},
	pages = {29--38}
}

@INPROCEEDINGS{funkhauser:SIGGRAPH99,
	author = {T. Funkhouser and P. Min and I. Carlbom},
	title = {{Real-Time Acoustic Modeling for Distributed Virtual Environments}},
	booktitle = SIGGRAPH,
	year = {1999},
	pages = {365--374}
}

@INPROCEEDINGS{ilmonen:ICMC99,
	author = {T. Ilmonen and T. Takala},
	title = {{Conductor Following with Artificial Neural Networks}},
	booktitle = ICMC,
	year = {1999},
	pages = {367--370}
}

@INPROCEEDINGS{james:SIGGRAPH99,
	author = {D. James and D. Pai},
	title = {{ARTDEFO: Accurate Real Time Deformable Objects}},
	booktitle = SIGGRAPH,
	year = {1999},
	pages = {65--72}
}

@ARTICLE{justlin:MP99,
	author = {P. Justlin and G. Madison},
	title = {{The Role of Timing Patterns in Recognition of Emotional Expression from Musical Performance}},
	journal = {{Music Perception}},
	year = {1999},
	volume = {17},
	pages = {197--221}
}

@INPROCEEDINGS{lee:SIGGRAPH99,
	author = {J. Lee and and S. Shin},
	title = {{A Hierarchical Approach to Interactive Motion Editing for Human-Like Figures}},
	booktitle = SIGGRAPH,
	year = {1999},
	pages = {39--48}
}

@ARTICLE{mataric:AAMAS99,
	author = {M. Matari{\'c} and V. Zordan and M. Williamson},
	title = {{Making Complex Articulated Agents Dance: an Analysis of Control Methods drwan from Robotics, Animation and Biology}},
	journal = {Autonomous Agents and Multi-Agents Systems},
	volume = {2},
	number = {1},
	pages = {23--43},
	year = {1999}
}

@INPROCEEDINGS{neff:GI99,
	author = {M. Neff and E. Fiume},
	title = {{A Visual Model For Blast Waves and Fracture}},
	booktitle = GRAPHINT,
	year = {1999},
	pages = {193--202}
}

@INPROCEEDINGS{ouellette:GI99,
	author = {M. Ouellette and E. Fiume},
	title = {{Approximating the Location of Integrand Discontinuities for Penumbral Illumination with Linear Light Sources}},
	booktitle = GRAPHINT,
	year = {1999},
	pages = {66--75}
}

@INPROCEEDINGS{popovic:SIGGRAPH99,
	author = {Z. Popovi{\'c} and A. Witkin},
	title = {{Physically Based Motion Transformation}},
	booktitle = SIGGRAPH,
	year = {1999},
	pages = {11--20}
}

@ARTICLE{raphael:PAMI99,
	author = {C. Raphael},
	title = {{Automatic Segmentation of Acoustic Musical Signals Using Hidden Markov Models}},
	journal = PAMI,
	volume = {21},
	number = {4},
	pages = {360--370},
	year = {1999}
}

@ARTICLE{rhaouti:JASA99,
	author = {L. Rhaouti and A. Chaigne and P. Joly},
	title = {{Time-domain Modeling and Numerical Simulation of a Kettledrum}},
	journal = JASA,
	year = {1998},
	volume = {105},
	pages = {3545--3562},
	number = {6}
}

@ARTICLE{rochesso:TSAP99,
	author = {D. Rochesso and F. Scalcon},
	title = {{Bandwidth of Perceived Inharmonicity for Physical Modeling of Dispersive Strings}},
	journal = {Transactions on Speech and Audio Processing},
	volume = {7},
	number = {5},
	pages = {597--601},
	year = {1999},
}

@INPROCEEDINGS{zordan:CAS99,
	author = {V. Zordan and J. Hodgins},
	title = {Tracking and Modifying Upper-Body Human Motion Data with Dynamic Simulation},
	booktitle = {CAS'99: Proc. of Computer Animation and Simulation, Eurographics},
	year = {1999},
	pages = {13--22}
}

@INPROCEEDINGS{wanderley:ICMC99,
	author = {M. M. Wanderley and P. Depalle and O. Warusfel},
	title = {{Improving Instrumental Sound Synthesis by Modeling the Effects of Performer Gesture}},
	booktitle = ICMC,
	year = {1999},
	pages = {418--421}
}

@MISC{wanderley:GW99,
	author = {M. M. Wanderley},
	note = {Non-obvious Performer Gestures in Instrumental Music. In \emph{Gesture-Based Communication in Human-Computer Interaction}, LNAI 2915, Springer Verlag, pages 37--48},
	year = {1999}
}




//----------------------------------------------					------------------------------------------------//
//----------------------------------------------		2000			------------------------------------------------//
//----------------------------------------------					------------------------------------------------//

@ARTICLE{alexa:CGF00,
	author = {M. Alexa and W. M{\"u}ller},
	title = {{Representing Animations by Principal Components}},
	journal = CGF,
	volume = {19},
	number = {3},
	pages = {411--426},
	year = {2000}
}

@INPROCEEDINGS{anderson:SIGGRAPH00,
	author = {D. Anderson and J. Frankel and J. Marks and A. Agarwala and P. Beardsley and J. Hodgins and D. Leigh and K. Ryall and E. Sullivan and J. Yedidia},
	title = {{Tangible Interaction + Graphical Interpretation: a New Approach to 3D Modeling}},
	booktitle = SIGGRAPH,
	year = {2000},
	pages = {393--402}
}

@INPROCEEDINGS{aird:ICMC00,
	author = {M. Aird and J. Laird and J. Fitch},
	title = {{Modelling a Drum by Interfacing 2-D and 3-D Waveguide Meshes}},
	booktitle = ICMC,
	year = {2000},
	pages = {82--85}
}

@INPROCEEDINGS{beckhaus:PG00,
	author = {S. Beckhaus and F. Ritter and T. Strothotte},
	title = {{CubicalPath: Dynamic Potential Fields for Guided Exploration in Virtual Environments}},
	booktitle = PG,
	year = {2000},
	pages = {387}
}

@INPROCEEDINGS{brand:SIGGRAPH00,
	author = {M. Brand and A. Hertzmann},
	title = {{Style Machines}},
	booktitle = SIGGRAPH,
	pages = {183--192},
	year = {2000}
}

@INPROCEEDINGS{chenney:SIGGRAPH00,
	author = {S. Chenney and D. A. Forsyth},
	title = {{Sampling Plausible Solutions to Multi-Body Constraint Problems}},
	booktitle = SIGGRAPH,
	year = {2000},
	pages = {219--228}}
}

@ARTICLE{dahl:JNMR00,
	author = {S. Dahl},
	title = {{The Playing of an Accent - Preliminary Observations from Temporal and Kinematic Analysis of Percussionists}},
	journal = JNMR,
	volume = {29},
	number = {3},
	pages = {225--233},
	year = {2000}
}

@MISC{dannenberg00,
	author = {R. Dannenberg},
	note = {Dynamic Programming for Interactive Music Systems. In \emph{Readings in Music and Artificial Intelligence}, pp. 189--206, Amsterdam:Hardwood Academic},
	year = {2000}
}
	
@INPROCEEDINGS{hunt:ICMC00,
	author = {A. Hunt and M. M. Wanderley and R. Kirk},
	title = {{Towards a Model for Instrumental Mapping in Expert Musical Interactions}},
	booktitle = ICMC,
	pages = {209--212},
	year = {2000}
}

@MISC{hunt00,
	author = {A. Hunt and R. Kirk},
	note = {Mapping Strategies for Musical Performance. In \emph{Trends in Gestural Control of Music}, pp. 231--258},
	year = {2000}
}

@INPROCEEDINGS{kim:CGI00,
	author = {J. Kim and F. Cordier and N Magnenat-Thalmann},
	title = {{Neural Network-Based Violonist Hand Animation}},
	booktitle = CGI,
	year = {2000},
	pages = {37--41}
}

@ARTICLE{kim:CGF00,
	author = {T.~H. Kim and J. Lee and S. Shin},
	title = {{Robust Motion Watermarking Based on Multiresolution Analysis}},
	journal = CGF,
	year = {2000},
	volume = {19},
	pages = {189-198},
	number = {3}
}

@ARTICLE{klatsky:Presence00,
	author = {R. Klatzky and D. Pai and E. Krotkov},
	title = {{Perception of Material from Contact Sounds}},
	journal = Presence,
	volume = {9},
	number = {4},
	pages = {399--410},
	publisher = {MIT Press},
	year = {2000}
}

@INPROCEEDINGS{lazlo:SIGGRAPH00,
	author = {J. Lazlo and M. van de Panne and E. Fiume},
	title = {{Interactive Control of Physically-Based Animation}},
	booktitle = SIGGRAPH,
	year = {2000},
	pages = {201--208}
}

@INPROCEEDINGS{marchand:GI00,
	author = {E. Marchand and N. Courty},
	title = {{Image-Based Virtual Camera Motion Strategies}},
	booktitle = GRAPHINT,
	year = {2000},
	pages = {69--76}
}

@PHDTHESIS{marrinNakra:PhD00,
	author = {T. Marrin Nakra},
	title = {{Inside the Conductor's Jacket: Analysis, Interpretation and Musical Synthesis of Expressive Gesture}},
	school = {Massachusetts Institute of Technology, USA},
	year = {2000}
}

@INPROCEEDINGS{metoyer:GI00,
	author = {R. Metoyer and J. Hodgins},
	title = {{Animating Athletic Motion Planning by Example}},
	booktitle = GRAPHINT,
	year = {2000},
	pages = {61--68}
}

@BOOK{miranda00,
	author = {E. Miranda},
	title = {{Composing Music with Computers}},
	publisher = {Focal Press},
	year = {2000}
}

@INPROCEEDINGS{miranda:GECC00,
	author = {E. Miranda},
	title = {{On the Music of Emergent Behaviour: What can Evolutionary Computation bring to the Musician?}},
	booktitle = {Proc of the Genetic and Evolutionary Computation Conference (GECCO)},
	pages = {140--142},
	year = {2000}
}

@INPROCEEDINGS{mirtich:SIGGRAPH00,
	author = {B. Mirtich},
	title = {{Timewarp Rigid Body Simulation}},
	booktitle = SIGGRAPH,
	year = {2000},
	pages = {193--200}
}

@ARTICLE{msallam:AAA00,
	author = {R. Msallam and S. Dequidt and R. Causs\'e and S. Tassard},
	title = {{Physical Model of the Trombone Including Nonlinear Effects. Application to the Sound Synthesis of Loud Tones}},
	journal = AAA,
	volume = {86},
	number = {4},
	pages = {725--736},
	year = {2000}
}

@INPROCEEDINGS{obrien:GI00,
	author = {J. O'Brien and R. Bodenheimer and G. Bostrow and J. Hodgins},
	title = {{Automatic Joint Parameter Estimation from Magnetic Motion Capture Data}},
	booktitle = GRAPHINT,
	year = {2000},
	pages = {53--60}
}

@INPROCEEDINGS{popovic:SIGGRAPH00,
	author = {J. Popovi{\'c} and S. Seitz and M. Erdmann and Z. Popovi{\'c} and A. Witkin},
	title = {{Interactive Manipulation of Rigid Body Simulations}},
	booktitle = SIGGRAPH,
	year = {2000},
	pages = {209--217}
}

@BOOK{rossing00,
	author = {T. Rossing},
	title = {{Science of Percussion Instruments}},
	publisher = {Series in Popular Science, World Scientific},
	year = {2000}
}

@MISC{rovan00,
	author = {J. Rovan and V. Hayward},
	note = {Typology of Tactile Sounds and their Synthesis in Gesture-driven Computer Music Performances. In \emph{Trends in Gestural Control of Music}, pp. 355--368},
	year = {2000}
}

@INPROCEEDINGS{sapir:DAFX00,
	author = {S. Sapir},
	title = {{Interactive Digital Audio Environments - Gesture as a Musical Parameter}},
	booktitle = DAFX,
	year = {2000},
	pages = {25--30}
}

@INPROCEEDINGS{singh:GI00,
	author = {K. Singh and E. Kokkevis},
	title = {{Skinning Characters Using Surface-Oriented Free-Form Deformations}},
	booktitle = GRAPHINT,
	year = {2000},
	pages = {35--42}
}

@INPROCEEDINGS{smith:GI00,
	author = {J. Smith and A. Witkin and D. Baraff},
	title = {{Fast and Controllable Simulation of the Shattering of Brittle Objects}},
	booktitle = GRAPHINT,
	year = {2000},
	pages = {27--34}
}

@INPROCEEDINGS{tak:CGIM00,
	author = {S. Tak and H.-S. Ko},
	title = {{Example Guided Inverse Kinematics}},
	booktitle = {Proc. of the International Conference on Computer Graphics and Imaging (CGIM)},
	year = {2000}
}

@ARTICLE{tolani:GM00,
	author = {D. Tolani and A. Goswami and N. Badler},
	title = {{Real-Time Inverse Kinematics Techniques for Anthropomorphic Limbs}},
	journal = GM,
	year = {2000},
	volume = {62},
	pages = {353--388},
	number = {5}
}




//----------------------------------------------					------------------------------------------------//
//----------------------------------------------		2001			------------------------------------------------//
//----------------------------------------------					------------------------------------------------//

@INPROCEEDINGS{avanzini:DAFX01,
	author = {F. Avanzini and D. Rochesso},
	title = {{Modeling Collision Sounds: Non-Linear Contact Force}},
	booktitle = DAFX,
	year = {2001},
	pages = {61--66}
}

@INPROCEEDINGS{avanzini:ICMC01,
	author = {F. Avanzini and D. Rochesso},
	title = {{Controlling Material Properties in Physical Models and Sounding Objects}},
	booktitle = ICMC,
	year = {2001},
	pages = {91--94}
}

@PHDTHESIS{avanzini:PhD01,
	author = {F. Avanzini},
	title = {{Computational Issues in Physically-based Sound Models}},
	school = {University of Padova, Italy},
	year = {2001}
}

@INPROCEEDINGS{bahn:NIME01,
	author = {C. Bahn and D. Trueman},
	title = {{Interface: Electronic Chamber Ensemble}},
	booktitle = NIME01,
	year = {2001}
}

@INPROCEEDINGS{beaudoin:GI01,
	author = {P. Beaudoin and S. Paquet and P. Poulin},
	title = {{Realistic and Controllable Fire Simulation}},
	booktitle = GRAPHINT,
	year = {2001},
	pages = {159--166}
}

@BOOK{bentley01,
	author = {P. Bentley and D. Corne},
	title = {{Creative Evolutionary Systems}},
	publisher = {Morgan Kauffmann},
	year = {2001}
}

@INPROCEEDINGS{cook:NIME01,
	author = {P. Cook},
	title = {{Principles for Designing Computer Music Controllers}},
	booktitle = NIME01,
	pages = {1--4},
	year = {2001}
}

@ARTICLE{dahlstedt:Leonardo01,
	author = {P. Dahlstedt and M. Nordhal},
	title = {{Living Melodies: Coevolution of Sonic Communication}},
	journal = {Leonardo},
	volume = {34},
	number = {3},
	pages = {243--248},
	year = {2001}
}


@ARTICLE{faloutsos:CG01,
	author = {P. Faloutsos and M. van de Panne and D. Terzopoulos},
	title = {{The Virtual Stuntman: Dynamic Characters with a Repertoire of Autonomous Motor Skills}},
	journal = CG,
	year = {2001},
	volume = {25},
	pages = {933--953},
	number = {6},
	publisher = {Elsevier}
}

@INPROCEEDINGS{faloutsos:SIGGRAPH01,
	author = {P. Faloutsos and M. van de Panne and D. Terzopoulos},
	title = {{Composable Controllers for Physics-Based Character Animation}},
	booktitle = SIGGRAPH,
	year = {2001},
	pages = {251--260}
}

@ARTICLE{gibet:JVLC01,
	author = {S. Gibet and T. Lebourque and P.~F. Marteau},
	title = {{High level Specification and Animation of Communicative Gestures}},
	journal = {{Journal of Visual Languages and Computing}},
	year = {2001},
	volume = {12},
	pages = {657--687},
	number = {6}
}

@INPROCEEDINGS{gurevich:NIME01,
	author = {M. Gurevich and S. von Muehlen},
	title = {{The Accordiatron: a MIDI Controller for Interactive Music}},
	booktitle = NIME01,
	year = {2001}
}

@INPROCEEDINGS{houle:GI01,
	author = {J. Houle and P. Poulin},
	title = {{Simplification and Real-Time Smooth Transitions of Articulated Meshes}},
	booktitle = GRAPHINT,
	year = {2001},
	pages = {55--60}
}

@ARTICLE{laurson:CMJ01,
	author = {M. Laurson and C. Erkut and V. V\"alim\"aki and M. Kuuskankare},
	title = {{Methods for Modeling Realistic Playing in Acoustic Guitar Synthesis}},
	journal = CMJ,
	year = {2001},
	volume = {25},
	pages = {38--49},
	number = {3}
}

@MISC{lytle:SIGGRAPH01,
	author = {W. Lytle},
	note = {Pipe Dream. In SIGGRAPH Computer Animation Festival},
	year = {2001}
}

@PHDTHESIS{ngThowHing:PhD01,
	author = {V. Ng-Thow-Hing},
	title = {{Anatomically-Based Models for Physical and Geometric Reconstruction of Humans and Other Animals}},
	school = {University of Toronto, Canada},
	year = {2001}
}

@PHDTHESIS{nocent:PhD01,
	author = {O. Nocent},
	title = {{Animation Dynamique de Corps D{\'e}formables Continus : Application {\`a} la Simulation de Textiles Tricot{\'e}s}},
	school = {Universit{\'e} de Reims Champagne-Ardenne, France},
	year = {2001}
}

@INPROCEEDINGS{obrien:SIGGRAPH01,
	author = {J. O'Brien and P. Cook and G. Essl},
	title = {{Synthesizing Sounds from Physically Based Motion}},
	booktitle = SIGGRAPH,
	year = {2001},
	pages = {529--536}
}

@INPROCEEDINGS{orio:ICMC01,
	author = {N. Orio and F. D{\'e}chelle},
	title = {{Score Following using Spectral Analysis and Hidden Markov Models}},
	booktitle = ICMC,
	pages = {125--129},
	year = {2001}
}

@INPROCEEDINGS{orio:NIME01,
	author = {N. Orio and N. Schnell and M. M. Wanderley},
	title = {{Input Devices for Musical Expression: Borrowing tools from HCI}},
	booktitle = NIME01,
	year = {2001}
}

@INPROCEEDINGS{overholt:NIME01,
	author = {D. Overholt},
	title = {{The MATRIX: a Novel Controller for Musical Expression}},
	booktitle = NIME01,
	year = {2001}
}

@ARTICLE{oyama:Neurocomputing01,
	author = {E. Oyama and A. Agah and K. MacDorman and T. Maeda and S. Tachi},
	title = {{A Modular Neural Network Architecture for Inverse Kinematics Model Learning}},
	journal = {Neurocomputing},
	number = {38-40},
	pages = {797-–805},
	year = {2001}
}

@INPROCEEDINGS{pai:SIGGRAPH01,
	author = {D. Pai and K. van den Doel and D. James and J. Lang and J. Lloyd and J. Richmond and S. Yau},
	title = {{Scanning Physical Interaction Behavior of 3D Objects}},
	booktitle = SIGGRAPH,
	year = {2001},
	pages = {87--96}
}

@INPROCEEDINGS{paquette:GI01,
	author = {E. Paquette and P. Poulin and G. Drettakis},
	title = {{Surface Aging by Impacts}},
	booktitle = GRAPHINT,
	year = {2001},
	pages = {175--182}
}

@INPROCEEDINGS{reynolds:SIGGRAPH01,
	author = {M. Reynolds and B. Schoner and J. Richards and K. Dobson and N. Gershenfeld},
	title = {{An Immersive, Multi-User, Musical Stage Environment}},
	booktitle = SIGGRAPH,
	year = {2001},
	pages = {553--560}
}

@ARTICLE{rose:CGF01,
	author = {C. Rose and P.~P. Sloan and M. Cohen},
	title = {{Artist-directed Inverse Kinematics Using Radial Basis Function Interpolation}},
	journal = CGF,
	year = {2001},
	volume = {20},
	pages = {239--250},
	number = {3}
}

@BOOK{rowe01,
	author = {R. Rowe},
	title = {{Machine Musicianship}},
	publisher = {MIT Press},
	year = {2001}
}
	
@INPROCEEDINGS{sun:SIGGRAPH01,
	author = {H. Sun and D. Metaxas},
	title = {{Automating Gait Animation}},
	booktitle = SIGGRAPH,
	year = {2001},
	pages = {261--270}
}

@INPROCEEDINGS{tsingos:SIGGRAPH01,
	author = {N. Tsingos and T. Funkhauser and A. Ngan and I. Carlbom},
	title = {{Modeling Acoustics in Virtual Environments Using the Uniform Theory of Diffraction}},
	booktitle = SIGGRAPH,
	year = {2001},
	pages = {545--552}
}

@INPROCEEDINGS{vanDenDoel:SIGGRAPH01,
	author = {K. van den Doel and P. Kry and D. Pai},
	title = {{FoleyAutomatic: Physically-Based Sound Effects for Interactive Simulation and Animation}},
	booktitle = SIGGRAPH,
	year = {2001},
	pages = {537--544}
}

@INPROCEEDINGS{verplanck:NIME01,
	author = {B. Verplanck and C. Sapp and M. Mathews},
	title = {{A Course on Controllers}},
	booktitle = NIME01,
	year = {2001}
}

@INPROCEEDINGS{wanderley:DAFX01,
	author = {M. M. Wanderley and P. Depalle},
	title = {{Gesturally-Controlled Digital Audio Effects}},
	booktitle = DAFX,
	year = {2001},
	pages = {165--169}
}

@PHDTHESIS{wanderley:PhD01,
	author = {M. M. Wanderley},
	title = {Interaction Musicien-Instrument: Application au Controle Gestuel de la Synth{\`e}se Sonore},
	school = {Universit{\'e} Paris VI, France},
	year = {2001}
}

@BOOK{xenakis01,
	author = {I. Xenakis},
	title = {{Formalized Music: Thought and Mathematics in Composition}},
	publisher = {Pendragon Press},
	year = {2001}
}





//----------------------------------------------					------------------------------------------------//
//----------------------------------------------		2002			------------------------------------------------//
//----------------------------------------------					------------------------------------------------//

@MASTERSTHESIS{aimi:MsC02,
	author = {R. Aimi},
	title = {{New Expressive Percussion Instruments}},
	school = {Massachusetts Institute of Technology, USA},
	year = {2002}
}

@ARTICLE{allen:TOG02,
	author = {B. Allen and B. Curless and Z. Popovi{\'c}},
	title = {{Articulated Body Deformation from Range Scan Data}},
	journal = TOG,
	year = {2002},
	volume = {21},
	pages = {612--619},
	number = {3},
	publisher = {ACM}
}

@INPROCEEDINGS{arfib:NIME02,
	author = {D. Arfib and J. Dudon},
	title = {{A Digital Emulator of the Photosonic Instrument}},
	booktitle = NIME,
	year = {2002},
	pages = {128--131}
}

@ARTICLE{arfib0:OS02,
	author = {D. Arfib and J.~M. Couturier and L. Kessous and V. Verfaille},
	title = {{Strategies of Mapping between Gesture Data and Synthesis Model Parameters using Perceptual Spaces}},
	journal = OS,
	year = {2002},
	volume = {7},
	pages = {127--144},
	number = {2}
}

@ARTICLE{arikan:TOG02,
	author = {O. Arikan and D. Forsyth},
	title = {{Interactive Motion Generation from Examples}},
	journal = TOG,
	year = {2002},
	volume = {21},
	pages = {483--490},
	number = {3},
	publisher = {ACM}
}

@INPROCEEDINGS{bevilacqua:SIMS02,
	author = {F. Bevilacqua and J. Ridenour and D. Cuccia},
	title = {{Mapping Music to Gesture: a Study using 3D motion capture data}},
	booktitle = {{Proc. of the Symposium on Sensing and Input Mediacentric Systems (SIMS)}},
	year = {2002}
}

@INPROCEEDINGS{blaine:NIME02,
	author = {T. Blaine and C. Forlines},
	title = {{JAM-O-WORLD: Evolution of the Jam-O-Drum Multi-player Musical Controller into the Jam-O-Whirl Gaming Interface}},
	booktitle = NIME,
	year = {2002},
	pages = {17--22}
}

@ARTICLE{bregler:TOG02,
	author = {C. Bregler and L. Loeb and E. Chuang and H. Deshpande},
	title = {{Turning to the Masters: Motion Capturing Cartoons}},
	journal = TOG,
	year = {2002},
	volume = {21},
	pages = {399--407},
	number = {3},
	publisher = {ACM}
}

@INPROCEEDINGS{camurri:NIME02,
	author = {A. Camurri and R. Trucca and G. Volpe},
	title = {{Interactive Systems Design: a KANSEI-based Approach}},
	booktitle = NIME,
	year = {2002},
	pages = {155--162}
}

@INPROCEEDINGS{cardle:SIGGRAPH02,
	author = {M. Cardle and S. Brooks and L. Barthe and M. Hassan and P. Robinson},
	title = {{Music-Driven Motion Editing}},
	booktitle = SIGGRAPH,
	year = {2002},
	pages = {222}
}

@INPROCEEDINGS{childs:ICAD02,
	author = {E. Childs},
	title = {{Achorripsis: a Sonification of Probability Distributions}},
	booktitle = ICAD,
	year = {2002}},
	pages = {45--49}
}

@BOOK{cook:AK02,
  	author = {P. Cook},
  	title = {{Real Sound Synthesis For Interactive Applications}},
  	publisher = {{A K Peters Ltd.}},
  	year = {2002}
}

@ARTICLE{doornbusch:OS02,
	author = {P. Doornbusch},
	title = {{Composers' Views on Mapping in Algorithmic Composition}},
	journal = OS,
	volume = {7},
	number = {2},
	pages = {152--156},
	year = {2002}
}

@MASTERSTHESIS{emsen02,
	author = {S. Emsen and C. Heal and R. Sunderland and R. Willis},
	title = {Electronic Timpani},
	school = {University of Southampton, United Kingdom},
	year = {2002}
}

@PHDTHESIS{erkut:PhD02,
	author = {C. Erkut},
	title = {{Aspects in Analysis and Model-Based Sound Synthesis of Plucked String Instruments}},
	school = {Helsinki University of Technology, Sweden},
	year = {2002}
}

@MISC{gibet:HdR02,
	author = {S. Gibet},
	title = {{Mod{\`e}les d'Analyse-Synth{\`e}se du Mouvement}},
	note = {Habilitation {\`a} Diriger des Recherches, Universit{\'e} de Bretagne Sud},
	year = {2002}
}	
	
@INPROCEEDINGS{hunt:NIME02,
	author = {A. Hunt and M. M. Wanderley and M. Paradis},
	title = {{The Importance of Parameter Mapping in Electronic Instrument Design}},
	booktitle = NIME,
	year = {2002},
	pages = {149--154}
}

@ARTICLE{hunt:OS02,
	author = {A. Hunt and M. M. Wanderley},
	title = {{Mapping Performer Parameters to Synthesis Engines}},
	journal = OS,
	year = {2002},
	volume = {7},
	number = {2},
	pages = {97--108}
}

@INPROCEEDINGS{huott:NIME02,
	author = {R. Huott},
	title = {{An Interface for Precise Musical Control}},
	booktitle = NIME,
	year = {2002},
	pages = {01--05}
}

@INPROCEEDINGS{kapur:NIME02,
	author = {A. Kapur and G. Essl and P. Davidson and P. Cook},
	title = {{The Electronic Tabla Controller}},
	booktitle = NIME,
	year = {2002},
	pages = {77--81}
}

@ARTICLE{karjalainen:JAES02,
	author = {M. Karjalainen and P. Esquef and P. Ansalo and A. M{\"a}kivirta and V. V{\"a}lim{\"a}ki},
	title = {{Frequency-zooming ARMA Modeling of Resonant and Reverberant Systems}},
	journal = JAES,
	volume = {50},
	number = {12},
	pages = {1012--1029},
	year = {2002}
}

@INPROCEEDINGS{kopp:CA02,
	author = {S. Kopp and I. Wachsmuth},
	title = {{Model-based Animation of Coverbal Gesture}},
	booktitle = {{Proc. of the International Conference Computer Animation (CA)}},
	year = {2002},
	pages = {252--261}
}

@ARTICLE{kovar:TOG02,
	author = {L. Kovar and M. Gleicher and F. Pighin},
	title = {{Motion Graphs}},
	journal = TOG,
	year = {2002},
	volume = {21},
	pages = {473--482},
	number = {3},
	publisher = {ACM}
}

@INPROCEEDINGS{lee:SIGGRAPH02,
	author = {J. Lee and J. Chai and P. Reitsma and J. Hodgins and N. Pollard},
	title = {{Interactive Control of Avatars Animated with Human Motion Data}},
	booktitle = SIGGRAPH,
	year = {2002},
	pages = {491--500}
}

@INPROCEEDINGS{li:SIGGRAPH02,
	author = {Y. Li and T. Wang and H.-Y. Shum},
	title = {{Motion Texture: a Two-level Statistical Model for Character Motion Synthesis}},
	booktitle = SIGGRAPH,
	pages = {465--472},
	year = {2002}
}

@INPROCEEDINGS{liu:SIGGRAPH02,
	author = {K. Liu and Z. Popovi{\'c}},
	title = {{Synthesis of Complex Dynamic Character Motion from Simple Animations}},
	booktitle = SIGGRAPH,
	year = {2002},
	pages = {408--416}
}

@INPROCEEDINGS{machover:NIME02,
	author = {T. Machover},
	title = {{Instruments, Interactivity, and Inevitability}},
	booktitle = NIME,
	year = {2002},
	pages = {196}
}

@INPROCEEDINGS{marshall:ICMC02,
	author = {M. Marshall and B. Moynihan and M. Rath},
	title = {{The Vodhran - Design and Development of a Virtual Instrument}},
	booktitle = ICMC,
	year = {2002},
	pages = {???}
}

@INPROCEEDINGS{marshall:NIME02,
	author = {M. Marshall and M. Rath and B. Moynihan},
	title = {{The Virtual Bodhran - The Vodhran}},
	booktitle = NIME,
	year = {2002},
	pages = {179--180}
}

@ARTICLE{miranda:CMJ02,
	author = {E. Miranda},
	title = {{Emergent Sound Repertoires in Virtual Societies}},
	journal = CMJ,
	volume = {26},
	number = {2},
	pages = {77--90},
	year = {2002}
}

@INPROCEEDINGS{neff:SCA02,
	author = {M. Neff and E. Fiume},
	title = {{Modeling Tension and Relaxation for Computer Animation}},
	booktitle = SCA,
	year = {2002},
	pages = {81--88}
}

@INPROCEEDINGS{neuhoff:ICAD02,
	author = {J. Neuhoff and J. Wayand},
	title = {{Pitch Change, Sonification, and Musical Expertise: which way is up?}},
	booktitle = ICAD,
	year = {2002}},
	pages = {351--356}
}

@INPROCEEDINGS{ng:NIME02,
	author = {K. Ng},
	title = {{Interactive Gesture Music Performance Interface}},
	booktitle = NIME,
	year = {2002},
	pages = {183--184}
}

@INPROCEEDINGS{ngThowHing:GI02,
	author = {V. Ng-Thow-Hing and E. Fiume},
	title = {{Application-Specific Muscle Representation}},
	booktitle = GRAPHINT,
	year = {2002},
	pages = {107--116}
}

@INPROCEEDINGS{nichols:NIME02,
	author = {C. Nichols},
	title = {{The vBow: Development of a Virtual Violin Bow Controller Haptic Human-Computer Interface}},
	booktitle = NIME,
	year = {2002},
	pages = {29--32}
}

@INPROCEEDINGS{obrien:SCA02,
	author = {J. O'Brien and C. Shen and C. Gatchalian},
	title = {{Synthetizing Sounds from Rigid Body Simulations}},
	booktitle = SCA,
	year = {2002},
	pages = {175--181}
}

@INPROCEEDINGS{obrien:SIGGRAPH02,
	author = {J. O'Brien and A. Bargteil and J. Hodgins},
	title = {{Graphical Modeling and Animation of Ductile Fracture}},
	booktitle = SIGGRAPH,
	year = {2002},
	pages = {291--294}
}

@INPROCEEDINGS{oore:GI02,
	author = {S. Oore and D. Terzopoulos and G. Hinton},
	title = {{A Desktop Input Device and interface for Interactive 3D Character Animation}},
	booktitle = GRAPHINT,
	year = {2002},
	pages = {133--140}
}

@MISC{pachet02,
	author = {F. Pachet},
	note = {Interacting with a Musical System: the Continuator. In \emph{Music and Artificial Intelligence}, LNCS 2445, pp. 119--132, Springer-Verlag},
	year = {2002}
}

@ARTICLE{pachet:IEEEMultimedia02,
	author = {F. Pachet},
	title = {{Interacting with a Musical System: the Continuator in Practice}},
	journal = {IEEE Multimedia},
	volume = {9},
	number = {3},
	pages = {77--82},
	year = {2002}
}

@PHDTHESIS{savenko:PhD02,
	author = {A. Savenko},
	title = {{Animating Character Locomotion using Biomechanics-Based Figure Models}},
	school = {Moscow State University},
	year = {2002}
}

@INPROCEEDINGS{schnell:NIME02,
	author = {N. Schnell and M. Battier},
	title = {{Introducing Composed Instruments: Technical and Musicological Implications}},
	booktitle = NIME,
	year = {2002},
	pages = {138--142}
}

@INPROCEEDINGS{singh:GI02,
	author = {K. Singh},
	title = {{A Fresh Perspective}},
	booktitle = GRAPHINT,
	year = {2002},
	pages = {17--24}
}

@INPROCEEDINGS{verplanck:NIME02,
	author = {B. Verplanck and M. Gurevich and M. Mathews},
	title = {{The PLANK: Designing a simple Haptic Controller}},
	booktitle = NIME,
	year = {2002},
	pages = {33--36}
}

@INPROCEEDINGS{wang:PG02,
	author = {T. Wang and Y. Li and Y.~Q. Xu and H.~Y. Shum},
	title = {{Learning Kernel-Based HMMs for Dynamic Sequence Synthesis}},
	booktitle = PG,
	year = {2002},
	pages = {87--95}
}

@INPROCEEDINGS{weinberg:NIME02,
	author = {G. Weinberg and R. Aimi and K. Jennings},
	title = {{The Beatbug Network - A Rhythmic System for Interdependent Group Collaboration}},
	booktitle = NIME,
	year = {2002},
	pages = {106--111}
}

@ARTICLE{wanderley:CMJ02,
	author = {M. M. Wanderley and N. Orio},
	title = {{Evaluation of Input Devices for Musical Expression: Borrowing Tools from HCI}},
	journal = CMJ,
	year = {2002},
	volume = {26},
	number = {3},
	pages = {63--76}
}

@INPROCEEDINGS{xu:GI02,
	author = {K. Xu and J. Stewart and E. Fiume},
	title = {{Constraint-Based Automatic Placement for Scene Composition}},
	booktitle = GRAPHINT,
	year = {2002},
	pages = {25--34}
}

@INPROCEEDINGS{young:NIME02,
	author = {G. Weinberg and R. Aimi and K. Jennings},
	title = {{The Hyperbow Controller: Real-Time Dynamics Measurement of Violin Performance}},
	booktitle = NIME,
	year = {2002},
	pages = {65--70}
}

@INPROCEEDINGS{zordan:SCA02,
	author = {V. Zordan and J. Hodgins},
	title = {{Motion Capture-Driven Simulations that Hit and React}},
	booktitle = SCA,
	year = {2002},
	pages = {89--96}
}




//----------------------------------------------					------------------------------------------------//
//----------------------------------------------		2003			------------------------------------------------//
//----------------------------------------------					------------------------------------------------//

@ARTICLE{arikan:TOG03,
	author = {O. Arikan and D. Forsyth and J. O'Brien},
	title = {{Motion Synthesis from Annotations}},
	journal = TOG,
	year = {2003},
	volume = {22},
	pages = {402--408},
	number = {3},
	publisher = {ACM}
}

@ARTICLE{avanzini:AAA03,
	author = {F. Avanzini and M. van Walstijn},
	title = {{Modelling the Mechanical Response of the Reed-Mouthpiece-Lip System of a Clarinet -- Part I: A One-Dimensional Distributed Model}},
	journal = AAA,
	volume = {90},
	number = {3},
	pages = {537--547},
	year = {2003}
}

@ARTICLE{baraff:TOG03,
	author = {D. Baraff and A. Witkin and M. Kass},
	title = {{Untangling Cloth}},
	journal = TOG,
	year = {2003},
	volume = {22},
	pages = {862--870},
	number = {3},
	publisher = {ACM}
}

@ARTICLE{bensa:JAS03,
	author = {J. Bensa and S. Bilbao and R. Kronland-Martinet and J.~O. Smith},
	title = {{The Simulation of Piano String Vibration: from Physical Models to Finite Difference Schemes and Digital Waveguides}},
	journal = JAS,
	volume = {114},
	number = {2},
	pages = {1095--1107},
	year = {2003}
}

@PHDTHESIS{bensoam:PhD03,
	author = {J. Bensoam},
	title = {{Repr{\'e}sentation Int{\'e}grale appliqu{\'e}e {\`a} la Synth{\`e}se Sonore par Mod{\'e}lisation Physique : M{\'e}thode des El{\'e}ments Finis}},
	school = {Universit{\'e} du Maine, France},
	year = {2003}
}

@MISC{bresin03,
	author = {R. Bresin and S. Dahl},
	note = {Experiments on Gesture: Walking, Running and Hitting. In \emph{The Sounding Object}, pages 111--136},
	year = {2003}
}

@INPROCEEDINGS{brogan:CASA03,
	author = {D. Brogan and N. Johnson},
	title = {{Realistic Human Walking Paths}},
	booktitle = CASA,
	year = {2003},
	pages = {94--101}
}

@INPROCEEDINGS{cardle:SCA03,
	author = {M. Cardle and S. Brooks and Z. Bar-Joseph and P. Robinson},
	title = {{Sound-by-Numbers: Motion-Driven Sound Synthesis}},
	booktitle = SCA,
	pages = {349--356},
	year = {2003}
}

@ARTICLE{collins:ARIADA03,
	author = {N. Collins},
	title = {{Algorithmic Composition Methods for Breakbeat Science}},
	journal = {Applied Research in Aesthetics in the Digital Arts},
	volume = {3},
	year = {2003}
}

@MASTERSTHESIS{deAguiar:MsC03,
    author = {E. de Aguiar},
    title = {{Character Animation from a Motion Capture Database}},
    school = {University of Saarland},
    year = {2003}
}

@INPROCEEDINGS{dewaele:PG03,
	author = {G. Dewaele and M.~P. Cani},
	title = {{Interactive Global and Local Deformations for Virtual Clay}},
	booktitle = PG,
	year = {2003},
	pages = {131--140}
}

@INPROCEEDINGS{dontcheva:SIGGRAPH03,
	author = {M. Dontcheva and G. Yngve and Z. Popovi{\'c}},
	title = {{Layered Acting for Character Animation}},
	booktitle = SIGGRAPH,
	year = {2003},
	pages = {409--416}
}

@INPROCEEDINGS{elkoura:SCA03,
	author = {G. ElKoura and K. Singh},
	title = {{Handrix: Animating the Human Hand}},
	booktitle = SCA,
	year = {2003},
	pages = {110--119}
}

@ARTICLE{fang:TOG03,
	author = {A. Fang and N. Pollard},
	title = {{Efficient Synthesis of Physically Valid Human Motion}},
	journal = TOG,
	year = {2003},
	volume = {22},
	pages = {417--426},
	number = {3},
	publisher = {ACM}
}

@INPROCEEDINGS{gaye:NIME03,
	author = {L. Gaye and R. Maz{\hehe\'e} and L. Holmquist},
	title = {{Sonic City: The Urban Environment as a Musical Interface}},
	booktitle = NIME,
	year = {2003},
	pages = {109--115}
}

@INPROCEEDINGS{gibet:CASA03,
	author = {S. Gibet and P.~F. Marteau},
	title = {{Expressive Gesture Animation Based on Non Parametric Learning of Sensory-Motor Models}},
	booktitle = CASA,
	year = {2003},
	pages = {79--85}
}

@INPROCEEDINGS{guendelman:SIGGRAPH03,
	author = {E. Guendelman and R. Bridson and R. Fedkiw},
	title = {{Nonconvex Rigid Bodies with Stacking}},
	booktitle = SIGGRAPH,
	year = {2003},
	pages = {871--878}
}

@INPROCEEDINGS{guerraz:CASA03,
	author = {S. Guerraz and F. Perbet and D. Raulo and F. Faure and M.~P. Cani},
	title = {{A Procedural Approach to Animate Interactive Natural Sceneries}},
	booktitle = CASA,
	year = {2003},
	pages = {73--78}
}

@INPROCEEDINGS{hauser:GI03,
	author = {K. Hauser and C. Shen and J. O'Brien},
	title = {{Interactive Deformation using Modal Analysis with Constraints}},
	booktitle = GRAPHINT,
	year = {2003},
	pages = {247--256}
}

@INPROCEEDINGS{hoskinson:NIME03,
	author = {R. Hoskinson and K. van den Doel and S. Fels},
	title = {{Real-Time Adaptative Control of Modal Synthesis}},
	booktitle = NIME,
	year = {2003},
	pages = {99--103}
}

@INPROCEEDINGS{howard:DAFX03,
	author = {D. Howard and S. Rimell},
	title = {{Cymatic: a Tactile Controlled Physical Modeling Instrument}},
	booktitle = DAFX,
	year = {2003},
	pages = {???}
}

@INPROCEEDINGS{howard:NIME03,
	author = {D. Howard and S. Rimell and A. Hunt},
	title = {{Force Feedback Gesture Controlled Physical Modelling Synthesis}},
	booktitle = NIME,
	year = {2003},
	pages = {95--98}
}

@ARTICLE{hunt:JNMR03,
	author = {A. Hunt and M. M. Wanderley and M. Paradis},
	title = {{The Importance of Parameter Mapping in Electronic Instrument Design}},
	journal = JNMR,
	year = {2003},
	volume = {32},
	number = {4},
	pages = {429--440}
}

@PHDTHESIS{johnson:PhD03,
	author = {M. Johnson},
	title = {{Exploiting Quaternions to Support Expressive Interactive Character Motion}},
	school = {{Massachusetts Institute of Technology, USA}},
	year = {2003}
}

@INPROCEEDINGS{kacicAlesic:SCA03,
	author = {Z. Kacic-Alesic and M. Nordenstam and D. Bullock},
	title = {{A Practical Dynamics System}},
	booktitle = SCA,
	year = {2003},
	pages = {7--16}
}

@ARTICLE{kapur:JNMR03,
	author = {A. Kapur and G. Essl and P. Davidson and P. Cook},
	title = {{The Electronic Tabla Controller}},
	journal = JNMR,
	year = {2003},
	volume = {32},
	pages = {351--359},
	number = {4}
}

@INPROCEEDINGS{kim:SIGGRAPH03,
	author = {T.~H. Kim and S. Park and S. Shin},
	title = {{Rhythmic-Motion Synthesis Based on Motion-Beat Analysis}},
	booktitle = SIGGRAPH,
	year = {2003},
	pages = {392--401}
}

@INPROCEEDINGS{komura:CGI03,
	author = {T. Komura and A. Kuroda and S. Kudoh and T. Lan and Y. Shinagawa},
	title = {{An Inverse Kinematics Method for 3D Figures with Motion Data}},
	booktitle = CGI,
	pages = {266--271},
	year = {2003}
}

@INPROCEEDINGS{kovar:SCA03,
	author = {L. Kovar and . Gleicher},
	title = {{Flexible Automatic Motion Blending with Registration Curves}},
	booktitle = SCA,
	year = {2003},
	pages = {214--224}
}

@INPROCEEDINGS{knott:GI03,
	author = {D. Knott and D. Pai},
	title = {{CInDeR: Collision and Interference Detection in Real-Time using Graphics Harware}},
	booktitle = GRAPHINT,
	year = {2003},
	pages = {73--80}
}

@PHDTHESIS{hale:PhD03,
	author = {J. Hale},
	title = {{Biomimetic Motion Synthesis for Synthetic Humanoids}},
	school = {University of Glasgow, Scotland},
	year = {2003}
}

@ARTICLE{liu:CVIU03,
	author = {F. Liu and Y. Zhuang and F. Wu and Y. Pan},
	title = {{3D Motion Retrieval with Motion Index Tree}},
	journal = {Computer Vision and Image Understanding},
	volume = {92},
	number = {2},
	pages = {265--284},
	year = {2003}
}

@BOOK{moore03,
	author = {B. Moore},
	title = {{An Introduction to the Psychology of Hearing}},
	publisher = {Academic Press},
	year = {2003},
	note = {Fifth Edition}
}

@INPROCEEDINGS{murphy03,
	author = {D. Murphy},
	title = {{Tracking a Conductor's Baton}},
	booktitle = {{Proc. of the 12th Danish Conference on Pattern Recognition and Image Analysis}},
	year = {2003},
	pages = {59--66}
}

@INPROCEEDINGS{nagashima:NIME03,
	author = {Y. Nagashima},
	title = {{Bio-Sensing Systems and Bio-Feedback Systems for Interactive Arts}},
	booktitle = NIME,
	year = {2003},
	pages = {48--53}
}

@INPROCEEDINGS{orio:NIME03,
	author = {N. Orio and S. Lemouton and D. Schwarz},
	title = {{Score Following: State of the Art and New Developments}},
	booktitle = NIME,
	year = {2003},
	pages = {36--41}
}

@INPROCEEDINGS{peiper:NIME03,
	author = {C. Peiper and D. Warden and G. Garnett},
	title = {{An interface for Real-Time Classification of Articulations produced by Violin Bowing}},
	booktitle = NIME,
	year = {2003},
	pages = {192--197}
}

@INPROCEEDINGS{peters:CASA03,
	author = {C. Peters and C. O'Sullivan},
	title = {{Bottom-Up Visual Attention for Virtual Human Animation}},
	booktitle = CASA,
	year = {2003},
	pages = {111--117}
}

@ARTICLE{reitsma:TOG03,
	author = {P. Reitsma and N. Pollard},
	title = {{Perceptual Metrics for Character Animation: Sensitivity to Errors in Ballistic Motion}},
	journal = TOG,
	volume = {22},
	number = {3},
	pages = {537--542},
	year = {2003}
}

@ARTICLE{sand:TOG03,
	author = {P. Sand and L. McMillan and J. Popovi{\'c}},
	title = {{Continuous Capture of Skin Deformation}},
	journal = TOG,
	year = {2003},
	volume = {22},
	pages = {578--586},
	number = {3},
	publisher = {ACM}
}

@INPROCEEDINGS{shapiro:PG03,
	author = {A. Shapiro and F. Pighin and P. Faloutsos},
	title = {{Hybrid Control For Interactive Character Animation}},
	booktitle = PG,
	year = {2003},
	pages = {455--461}
}

@INPROCEEDINGS{shin:PG03,
	author = {H.~Y. Shin and L. Kovar and M. Gleicher},
	title = {{Physical Touch-Up of Human Motions}},
	booktitle = PG,
	year = {2003},
	pages = {194--203}
}

@INPROCEEDINGS{shiraiwa:NIME03,
	author = {H. Shiraiwa and R. Segnini and V. Woo},
	title = {{Sound Kitchen: Designing a Chemically Controlled Musical Performance}},
	booktitle = NIME,
	year = {2003},
	pages = {83--86}
}

@INPROCEEDINGS{tang:GI03,
	author = {C. Tang and G. McEwan and S. Greenberg},
	title = {{A Taxonomy of Tasks and Visualizations for Casual Interaction of Multimedia Histories}},
	booktitle = GRAPHINT,
	year = {2003},
	pages = {225--236}
}

@INPROCEEDINGS{traube:NIME03,
	author = {C. Traube and P. Depalle and M. M. Wanderley},
	title = {{Indirect Acquisition of Instrumental Gesture Based on Signal, Physical and Perceptual Information}},
	booktitle = NIME,
	year = {2003},
	pages = {42--47}
}

@INPROCEEDINGS{wright:NIME03,
	author = {M. Wright and A. Freed and A. Momeni},
	title = {{OpenSound Control: State of the Art 2003}},
	booktitle = NIME,
	year = {2003},
	pages = {153--159}
}

@ARTICLE{wu:TOG03,
	author = {J.~C. Wu and Z. Popovi{\'c}},
	title = {{Realistic Modeling of Bird Flight Animations}},
	journal = TOG,
	year = {2003},
	volume = {22},
	pages = {888--895},
	number = {3},
	publisher = {ACM}
}

@INPROCEEDINGS{yin:PG03,
	author = {K. Yin and M. Cline and D. Pai},
	title = {{Motion Perturbation based on Simple Neuromotor Control Models}},
	booktitle = PG,
	pages = {445--449},
	year = {2003}
}

@INPROCEEDINGS{young:NIME03,
	author = {D. Young and G. Essl},
	title = {{HyperPuja: a Tibetan Singing Bowl Controller}},
	booktitle = NIME,
	year = {2003},
	pages = {9--14}
}




//----------------------------------------------					------------------------------------------------//
//----------------------------------------------		2004			------------------------------------------------//
//----------------------------------------------					------------------------------------------------//

@INPROCEEDINGS{abe:SCA04,
	author = {Y. Abe and C. Liu and Z. Popovi\'{c}},
	title = {Momentum-Based Parameterization of Dynamic Character Motion},
	booktitle = SCA,
	year = {2004},
	pages = {173--182}
}

@INPROCEEDINGS{avanzini:SMC04,
	author = {F. Avanzini and D. Rochesso},
	title = {{Physical Modeling of Impacts: Theory and Experiments on Contact Time and Spectral Centroid}},
	booktitle = SMC,
	year = {2004},
	pages = {287--293}
}

@ARTICLE{baerlocher:VC04,
	author = {P. Baerlocher and R. Boulic},
	title = {{An Inverse Kinematic Architecture enforcing an Arbitrary Number of Strict Priority Levels}},
	journal = VC,
	volume = {20},
	number = {6},
	pages = {402--417},
	year = {2004}
}

@INPROCEEDINGS{barbic:GI04,
	author = {J. Barbi\v{c} and A. Safonova and J.~Y. Pan and C. Faloutsos and J. Hodgins and N. Pollard},
	title = {{Segmenting Motion Capture Data into Distinct Behaviors}},
	booktitle = GRAPHINT,
	year = {2004},
	pages = {185--194}
}

@ARTICLE{borchers04,
	author = {J. Borchers and E. Lee and W. Samminger and M. M{\hehe\"u}hlh{\hehe\"a}user},
	title = {{Personal Orchestra: a Real-Time Audio/video System for Interactive Conducting}},
	journal = {{ACM Multimedia Systems Journal Special Issue on Multimedia Software Engineering}},
	year = {2004},
	volume = {9},
	pages = {458--465},
	number = {5}
}

@MISC{camurri:GW04,
	author = {A. Camurri and B. Mazzarino and M. Ricchetti and R. Timmers and G. Volpe},
	note = {Multimodal Analysis of Expressive Gesture in Music and Dance Performances. In \emph{Gesture-Based Communication in Human-Computer Interaction}, LNAI 2915, Springer Verlag, pages 20--39},
	year = {2004}
}

@INPROCEEDINGS{celly:CASA04,
	author = {B. Celly and V. Zordan},
	title = {{Animated People Textures}},
	booktitle = CASA,
	year = {2004},
	pages = {???}
}

@ARTICLE{conde:CAVW04,
	author = {T. Conde and D. Thalmann},
	title = {{An Artificial Life Environment for Autonomous Virtual Agents with Multi-Sensorial and Multi-Perspective Features}},
	journal = CAVW,
	year = {2004},
	volume = {15},
	pages = {311--318},
	number = {3-4},
	publisher = {John Wiley and Sons Ltd.}
}

@INPROCEEDINGS{cont:NIME04,
	author = {A. Cont and T. Coduys and C. Henry},
	title = {{Real-time Gesture Mapping in PD Environment using Neural Networks}},
	booktitle = NIME,
	pages = {39--42},
	year = {2004}
}

@INPROCEEDINGS{cordier:PG04,
	author = {F. Cordier and N. Magnenat-Thalmann},
	title = {{A Data-Driven Approach for Real-Time Clothes Simulation}},
	booktitle = PG,
	year = {2004},
	pages = {257--266}
}

@ARTICLE{dahl:AAA04,
	author = {S. Dahl},
	title = {{Playing the Accent: Comparing Striking Velocity and Timing in Ostinato Rhythm Performed by Four Drummers}},
	journal = AAA,
	year = {2004},
	volume = {90},
	pages = {762--776},
	number = {4}
}

@INPROCEEDINGS{deGotzen:DAFX04,
	author = {A. de G{\hehe\"o}tzen},
	title = {{The Sounding Gesture: an Overview}},
	booktitle = DAFX,
	year = {2004},
	pages = {05--10}
}

@INPROCEEDINGS{duyBui:CASA04,
	author = {T. Duy Bui and D. Heylen and A. Nijholt},
	title = {{Buillding Embodied Agents that Experience and Express Emotions: a Football Supporter as an Example}},
	booktitle = CASA,
	year = {2004},
	pages = {27--34}
}

@MISC{florens:GW04,
	author = {J.~L. Florens},
	note = {Expressive Bowing on a Virtual String Instrument. In \emph{Gesture-Based Communication in Human-Computer Interaction}, LNAI 2915, Springer Verlag, pages 487--496},
	year = {2004}
}

@MISC{gibet:GW04,
	author = {S. Gibet and J.~F. Kamp and F. Poirier},
	note = {Gesture Analysis: Invariant Laws in Movement. In \emph{Gesture-Based Communication in Human-Computer Interaction}, LNAI 2915, Springer Verlag, pages 1--9},
	year = {2004}
}

@ARTICLE{kopp:CAVW04,
	author = {S. Kopp and I. Wachsmuth},
	title = {{Synthesizing Multimodal Utterances for Conversational Agents}},
	journal = CAVW,
	volume = {15},
	number = {1},
	pages = {39--52},
	year = {2004}
}

@INPROCEEDINGS{glardon:CASA04,
	author = {P. Glardon and R. Boulic and D. Thalmann},
	title = {{A Coherent Locomotion Engine Extrapolating Beyond Experimental Data}},
	booktitle = CASA,
	year = {2004},
	pages = {73--84}
}

@MASTERSTHESIS{goudard:MsC04,
	author = {V. Goudard},
	title = {Percussion A\'erienne : Am\'elioration de la D\'etection des Coups dans le Jeu d'un Percussionniste},
	school = {Universit\'ee de la Mediterrann\'ee, France},
	year = {2004}
}

@ARTICLE{grochow:TOG04,
	author = {K. Grochow and S. Martin and A. Hertzmann and Z. Popovi{\'c}},
	title = {{Style-Based Inverse Kinematics}},
	journal = TOG,
	year = {2004},
	volume = {23},
	pages = {522--531},
	number = {3},
	publisher = {ACM}
}

@INPROCEEDINGS{havel:NIME04,
	author = {K. Havel and M. Desainte-Catherine},
	title = {{Modeling an Air Percussion for Composition and Performance}},
	booktitle = NIME,
	year = {2004},
	pages = {31--34}
}

@INPROCEEDINGS{hunt:ICAD04,
	author = {A. Hunt and T. Hermann},
	title = {{The Importance of Interaction in Sonification}},
	booktitle = ICAD,
	year = {2004}},
	pages = {61--64}
}

@ARTICLE{james:TOG04,
	author = {D. James and D. Pai},
	title = {{BD-Tree: Output-Sensitive Collision Detection for Reduced Deformable Models}},
	journal = TOG,
	year = {2004},
	volume = {23},
	pages = {393--398},
	number = {3},
	publisher = {ACM}
}

@ARTICLE{jorda:JNMR04,
	author = {S. Jord{\'a}},
	title = {{Instruments and Players: Some Thoughts on Digital Lutherie}},
	journal = JNMR,
	year = {2004},
	volume = {33},
	pages = {321--341}},
	number = {3}
}

@INPROCEEDINGS{kapur:NIME04,
	author = {A. Kapur and A. Lazier and P. Davidson and R. Wilson and P. Cook},
	title = {{The Electronic Sitar Controller}},
	booktitle = NIME,
	year = {2004},
	pages = {7--12}
}

@INPROCEEDINGS{kapur:DAFX04,
	author = {A. Kapur and G. Tzanetakis and P. Driessen},
	title = {{Audio-Based Gesture Extraction on the ESITAR Controller}},
	booktitle = DAFX,
	year = {2004},
	pages = {17--21}
}

@INPROCEEDINGS{katayose:NIME04,
	author = {H. Katayose and K. Okudaira},
	title = {{Using an Expressive Performance Template in a Music Conducting Interface}},
	booktitle = NIME,
	year = {2004},
	pages = {124--129}
}

@INPROCEEDINGS{kautz:GI04,
	author = {J. Kautz and M. Sattler and R. Sarlette and R. Klein and H.~P. Seidel},
	title = {{Decoupling BRDFs from Surface Mesostructures}},
	booktitle = GRAPHINT,
	year = {2004},
	pages = {177--184}
}

@INPROCEEDINGS{keogh:VLDB04,
	author = {E. Keogh and T. Palpanas and V. Zordan and D. Gunopulos and M. Cardle},
	title = {{Indexing Large Human-Motion Databases}},
	booktitle = {Proc. of the International Conference on Very Large Human-Motion Data Bases},
	pages = {780--791},
	year = {2004}
}

@MASTERSTHESIS{kolesnik:MsC04,
	author = {P. Kolesnik},
	title = {{Conducting Gesture Recognition, Gesture, Analysis and Performance System}},
	school = {McGill University, Canada},
	year = {2004}
}

@INPROCEEDINGS{kim:PG04,
	author = {T. Kim and M.~C. Lin},
	title = {{Physically-Based Animation and Rendering of Lightning}},
	booktitle = PACIFIC,
	year = {2004},
	pages = {267--275}
}

@INPROCEEDINGS{leel:NIME04,
	author = {E. Lee and T. Marrin-Nakra and J. Borchers},
	title = {{You are the Conductor: a Realistic Interactive Conducting System for Children}},
	booktitle = NIME,
	year = {2004},
	pages = {68--73}
}

@INPROCEEDINGS{makipatola:DAFX04,
	author = {T. M{\hehe\"a}ki-Patola and P. H{\hehe\"a}m{\hehe\"a}l{\hehe\"a}inen},
	title = {{Effect of Latency on Playing Accuracy of Two Gesture Controlled Continuous Sound Instruments Without Tactile Feedback}},
	booktitle = DAFX,
	year = {2004},
	pages = {11--16}
}

@MASTERSTHESIS{mandel:MsC04,
	author = {M. Mandel},
	title = {{Versatile and Interactive Virtual Humans: Hybrid use of Data-driven and Dynamics-based Motion Synthesis}},
	school = {Carnegie Mellon University, USA},
	year = {2004}
}

@INPROCEEDINGS{meseure:CASA04,
	author = {P. Meseure and J. Lenoir and S. Fonteneau and C. Chaillou},
	title = {{Generalized God-Objects: a Paradigm for Interacting with Physically-Based Virtual Worlds}},
	booktitle = CASA,
	year = {2004},
	pages = {215--222}
}

@MISC{murphy:GW04,
	author = {D. Murphy and T. H. Andersen and K. Jensen},
	note = {Conducting Audio Files via Computer Vision. In \emph{Gesture-Based Communication in Human-Computer Interaction}, LNAI 2915, Springer Verlag, pages 529--540},
	year = {2004}
}

@INPROCEEDINGS{nagashima:NIME04,
	author = {Y. Nagashima},
	title = {{Measurement of Latency in Interactive Multimedia Art}},
	booktitle = NIME,
	year = {2004},
	pages = {173--176}
}

@INPROCEEDINGS{neff:SCA04,
	author = {M. Neff and E. Fiume},
	title = {Methods for Exploring Expressive Stance},
	booktitle = SCA,
	pages = {49--58},
	year = {2004}
}

@INPROCEEDINGS{nelson:NIME04,
	author = {M. Nelson and B. Thom},
	title = {{A Survey of Real-Time MIDI Performance}},
	booktitle = NIME,
	year = {2004},
	pages = {35--38}
}

@INPROCEEDINGS{paine:NIME04,
	author = {G. Paine},
	title = {{Gesture and Music Interaction: Interactive Engagement Through Dynamic Morphology}},
	booktitle = NIME,
	year = {2004},
	pages = {80--86}
}

@INPROCEEDINGS{peinado:WVR04,
	author = {M. Peinado, B. Heberlin, M.~M. Wanderley, B. Le Callennec, R. Boulic, and D. Thalmann},
	title = {{Towards Configurable Motion Capture with Prioritized Inverse Kinematics}},
	booktitle = {Proc. of the 3rd International Workshop on Virtual Rehabilitation},
	year = {2004},
	pages = {85--96}
}

@ARTICLE{rossing:JAST04,
	author = {T. Rossing and J. Yoo and A. Morrison},
	title = {{Acoustics of Percussion Instruments}},
	journal = JAST,
	year = {2004},
	volume = {25},
	pages = {406--412},
	number = {6}
}

@ARTICLE{safonova:TOG04,
	author = {A. Safonova and J. Hodgins and N. Pollard},
	title = {{Synthesizing Physically Realistic Human Motion in Low-Dimensionnal, Behavior-Specific Spaces}},
	journal = TOG,
	year = {2004},
	volume = {23},
	pages = {514--521},
	number = {3},
	publisher = {ACM}
}

@INPROCEEDINGS{sakamoto:SCA04,
	author = {Y. Sakamoto and S. Kuriyama and T. Kaneko},
	title = {{Motion Map: Image-based Retrieval and Segmentation of Motion Data}},
	boktitle = SCA,
	pages = {259-266},
	year = {2004}
}

@ARTICLE{schmidl:CAVW04,
	author = {H. Schmidl and M. Lin},
	title = {{Geometry-Driven Physical Interaction Between Avatars and Virtual Environments}},
	journal = CAVW,
	year = {2004},
	volume = {15},
	pages = {229--236},
	number = {3-4},
	publisher = {John Wiley and Sons Ltd.}
}

@INPROCEEDINGS{sedes:DAFX04,
	author = {A. Sedes and B. Courribet and J.~B. Thi{\hehe\'e}baut},
	title = {{Visualization of Sound as a Control Interface}},
	booktitle = DAFX,
	year = {2004},
	pages = {390--394}
}

@INPROCEEDINGS{sedes:ICMC04,
	author = {A. Sedes and B. Courribet and J.~B. Thi{\'e}baut},
	title = {{From the Visualization of Sound to Real-Time Sonification: Different Prototypes in the Max/MSP/Jitter Environment}},
	booktitle = ICMC,
	year = {2004},
	pages = {282--285}
}

@INPROCEEDINGS{serafin:NIME04,
	author = {S. Serafin and D. Young},
	title = {{Towards a Generalized Friction Controller: from the Bowed String to Unusual Musical Instruments}},
	booktitle = NIME,
	year = {2004},
	pages = {108--111}
}

@INPROCEEDINGS{summer:SIGGRAPH04,
	author = {R. Summer and J. Popovi{\'c}},
	title = {{Deformation Transfer for Triangle Meshes}},
	booktitle = SIGGRAPH,
	year = {2004},
	pages = {399--405}
}

@ARTICLE{urtasun:CGF04,
	author = {R. Urtasun and P. Glardon and R. Boulic and D. Thalmann and P. Fua},
	title = {{Style-based Motion Synthesis}},
	journal = CGF,
	year = {2004},
	volume = {23},
	pages = {799--812},
	number = {4}
}

@ARTICLE{vanDenDoel:Presence04,
	author = {K. van den Doel and D. Knott and D. Pai},
	title = {{Interactive Simulation of Complex Audiovisual Scenes}},
	journal = Presence,
	volume = {13},
	number = {1},
	pages = {99--111},
	year = {2004}
}
	
@INPROCEEDINGS{vanNort:NIME04,
	author = {D. van Nort and M. M. Wanderley and P. Depalle},
	title = {{On the Choice of Mappings Based on Geometric Properties}},
	booktitle = NIME,
	year = {2004},
	pages = {87--91}
}

@MASTERSTHESIS{verron:MsC04,
	author = {C. Verron},
	title = {Captation Gestuelle pour une Percussion Augment\'ee},
	school = {Universit\'e Paris VI, France},
	year = {2004}
}

@ARTICLE{wanderley:IEEE04,
	author = {M. M. Wanderley and P. Depalle},
	title = {{Gestural Control of Sound Synthesis}},
	journal = {IEEE Special Issue on Engineering and Music - Supervisory Control and Auditory Communication},
	year = {2004},
	volume = {92},
	number = {4},
	pages = {632--644}
}

@INPROCEEDINGS{wang:NIME04,
	author = {G. Wang and P. Cook},
	title = {{On-the-fly Programming: Using Code as an Expressive Musical Instrument}},
	booktitle = NIME,
	year = {2004},
	pages = {138--143}
}

@ARTICLE{wu:JICS04,
	author = {X. Wu and L. Ma and Z. Chen and Y. Gao},
	title = {{A 12-DOF Analytic Inverse Kinematics Solver for Human Motion Control}},
	journal = {Journal of Information Computational Science},
	volume = {1},
	number = {1},
	year = {2004},
	pages = {137--141}
}

@ARTICLE{yamane:TOG04,
	author = {K. Yamane and J. Kuffner and J. Hodgins},
	title = {{Synthesizing Animations of Human Manipulation Tasks}},
	journal = TOG,
	year = {2004},
	volume = {23},
	pages = {532--539},
	number = {3},
	publisher = {ACM}
}

@INPROCEEDINGS{yang:SCA04,
	author = {P.~F. Yang and J. Laszlo and K. Singh},
	title = {{Layered Dynamic Control for Interactive Character Swimming}},
	booktitle = SCA,
	year = {2004},
	pages = {39--47}
}

@ARTICLE{yoon:CAVW04,
	author = {J.~C. Yoon and I.~K. Lee and J.~J. Choi},
	title = {{Editing Noise}},
	journal = CAVW,
	year = {2004},
	volume = {15},
	pages = {277--287},
	number = {3-4},
	publisher = {John Wiley and Sons Ltd.}
}

@INPROCEEDINGS{young:NIME04,
	author = {D. Young and I. Fujinaga},
	title = {{AoBachi: a New Interface for Japanese Drumming}},
	booktitle = NIME,
	year = {2004},
	pages = {23--26}
}

@ARTICLE{zander:CGF04,
	author = {J. Zander and T. Isenberg and S. Schlechtweg and T. Strothotte},
	title = {{High Quality Hatching}},
	journal = CGF,
	year = {2004},
	volume = {23},
	pages = {421--430},
	number = {3}
}

@INPROCEEDINGS{zordan:SCA04,
	author = {V. Zordan and B. Celly and B. Chiu and P. DiLorenzo},
	title = {{Breathe easy: Model and control of simulated respiration for animation}},
	booktitle = SCA,
	year = {2004},
	pages = {29--37}
}





//----------------------------------------------					------------------------------------------------//
//----------------------------------------------		2005			------------------------------------------------//
//----------------------------------------------					------------------------------------------------//

@INPROCEEDINGS{beilharz:ICAD05,
	author = {K. Beilharz},
	title = {{Wireless Gesture Controllers to Affect Information Sonification}},
	booktitle = ICAD,
	year = {2005}},
	pages = {105--112}
}

@INPROCEEDINGS{bilbao:DAFX05,
	author = {S. Bilbao},
	title = {{Sound Synthesis for Nonlinear Plates}},
	booktitle = DAFX,
	year = {2005}},
	pages = {243--248}
}

@INPROCEEDINGS{bilbao:ICMC05,
	author = {S. Bilbao},
	title = {{A Finite Difference Scheme for Plate Synthesis}},
	booktitle = ICMC,
	year = {2005}},
	pages = {119--122}
}

@PHDTHESIS{cerney:PhD05,
	author = {M. Cerney},
	title = {From Gesture Recognition to Functional Motion Analysis: Quantitative Techniques for the Application and Evaluation of Human Motion},
	school = {Iowa State University, USA},
	year = {2005}
}

@ARTICLE{chai:TOG05,
	author = {J. Chai and J. Hodgins},
	title = {{Performance Animation from Low-Dimensional Control Signals}},
	journal = TOG,
	year = {2005},
	volume = {24},
	pages = {686--696},
	number = {3},
	publisher = {ACM}
}

@ARTICLE{chen:VC05,
	author = {B.~Y. Chen and Y. Ono and T. Nishita},
	title = {{Character Animation Creation Using Hand-Drawn Sketches}},
	journal = {{The Visual Computer}},
	year = {2005},
	volume = {21},
	pages = {551--558},
	number = {8-10},
	publisher = {ACM}
}

@INPROCEEDINGS{chen:CASA05,
	author = {J.~R. Chen and T.~Y. Li},
	title = {{Rhythmic Character Animation: Interactive Chinese Lion Dance}},
	booktitle = CASA,
	year = {2005},
	pages = {???}
}

@PHDTHESIS{dahl:PHD05,
	author = {S. Dahl},
	title = {{On the beat: Human Movement and Timing in the Production and Perception of Music}},
	school = {KTH Royal Institute of Technology, Sweden},
	year = {2005}
}

@INPROCEEDINGS{daSilva:NIME05,
	author = {A. da Silva and M. M. Wanderley and G. Scavone},
	title = {{On the Use of Flute Air Jet as a Musical Control Variable}},
	booktitle = NIME,
	pages = {105--108},
	year = {2005}}
}

@INPROCEEDINGS{dixon:DAFX05,
	author = {S. Dixon},
	title = {{Live Tracking of Musical Performances using On-Line Time Warping}},
	booktitle = DAFX,
	year = {2005},
	pages = {92--97}
}

@INPROCEEDINGS{ellis:ICMC05,
	author = {N. Ellis and J. Bensoam and R. Causs{\'e}},
	title = {{Modalys Demonstration}},
	booktitle = ICMC,
	year = {2005},
	pages = {101--102}
}

@INPROCEEDINGS{forbes:SCA05,
	author = {K. Forbes and E. Fiume},
	title = {{An Efficient Search Algorithm for Motion Data using Weighted PCA}},
	booktitle = SCA,
	pages = {67--76},
	year = {2005}
}

@INPROCEEDINGS{frisvad:CASA05,
	author = {J. Frisvad and P. Falster and G. Moller and N. Christensen},
	title = {{Knowledge Exchange Between Agents in Real-Time}},
	booktitle = CASA,
	year = {2005},
	pages = {127--132}
}

@INPROCEEDINGS{gallo:ICAD05,
	author = {E. Gallo and G. Lemaitre and N. Tsingos},
	title = {{Prioritizing Signals for Selective Real-Time Audio Processing}},
	booktitle = ICAD,
	year = {2005}},
	pages = {???}
}

@MASTERSTHESIS{gruell:MsC05,
	author = {I. Gruell},
	title = {conga: a Conducting Gesture Analysis Framework},
	school = {University of Ulm},
	year = {2005}
}

@ARTICLE{hamill:CGF05,
	author = {J. Hamill and R. McDonnell and S. Dobbyn and C. O'Sullivan},
	title = {{Perceptual Evaluation of Impostor Representations for Virtual Humans and Buildings}},
	journal = CGF,
	year = {2005},
	volume = {24},
	pages = {623--633},
	number = {3}
}

@INPROCEEDINGS{hsu:CASA05,
	author = {S.~W. Hsu and T.~L. Li},
	title = {{Planning Character Motions for Shadow Play Animations}},
	booktitle = CASA,
	year = {2005},
	pages = {6--10}
}

@ARTICLE{hsu:TOG05,
	author = {E. Hsu and K. Pulli and J. Popovi{\'c}},
	title = {{Style Transition for Human Motion}},
	journal = TOG,
	year = {2005},
	volume = {24},
	pages = {1082--1089},
	number = {3},
	publisher = {ACM}
}

@INPROCEEDINGS{jensenius:ICMC05,
	author = {A. Jensenius and M. M. Wanderley},
	title = {{Developing Tools for Studying Musical Gestures within the Max-MSP-Jitter Environment}},
	booktitle = ICMC,
	year = {2005},
	pages = {282--285}
}

@INPROCEEDINGS{jorda:ICMC05,
	author = {S. Jord{\'a} and M. Kaltenbrunner and G. Geiger and R. Bencina},
	title = {{The reacTable*}},
	booktitle = ICMC,
	pages = {379--382},
	year = {2005}
}

@INPROCEEDINGS{kapur:DAFX05,
	author = {A. Kapur and G. Tzanetakis and N. Virji-Babul and G. Wang and P. Cook},
	title = {{A Framework for Sonification of Vicon Motion Capture Data}},
	booktitle = DAFX,
	year = {2005},
	pages = {47--52}
}

@INPROCEEDINGS{kapur:ICMC05,
	author = {A. Kapur},
	title = {{A History of Robotic Musical Instruments}},
	booktitle = ICMC,
	year = {2005},
	pages = {21--28}
}

@ARTICLE{kapur:OS05,
	author = {A. Kapur and G. Wang and P. Davidson and P. Cook},
	title = {{Interactive Network Performance: a Dream worth Dreaming?}},
	journal = OS,
	year = {2005},
	volume = {10},
	pages = {209--219},
	number = {3},
	publisher = {Cambridge University Press}
}

@ARTICLE{kaufman:TOG05,
	author = {D. Kaufman and T. Edmunds and D. Pai},
	title = {{Fast Frictional Dynamics for Rigid Bodies}},
	journal = TOG,
	year = {2005},
	volume = {24},
	pages = {946--956},
	number = {3},
	publisher = {ACM}
}

@ARTICLE{komura:CAVW05,
	author = {T. Komura and E. Ho and W.~H. Lau},
	title = {{Animating Reactive Motion Using Momentum-Based Inverse Kinematics}},
	journal = CAVW,
	year = {2005},
	volume = {16},
	pages = {213--223},
	number = {3-4},
	publisher = {John Wiley and Sons Ltd.}
}

@PHDTHESIS{kry:PhD05,
	author = {P. Kry},
	title = {{Interaction Capture and Synthesis of Human Hands}},
	school = {University of British Columbia, Canada},
	year = {2005}
}

@ARTICLE{kulpa:CGF05,
	author = {R. Kulpa and F. Multon and B. Arnaldi},
	title = {{Morphology-Independent Representation of Motions for Interactive Human-like Animation}},
	journal = CGF,
	year = {2005},
	volume = {24},
	pages = {343--352},
	number = {3}
}

@INPROCEEDINGS{kulpa:Humanoids05,
	author = {R. Kulpa and F. Multon},
	title = {{Fast Inverse Kinematics and Kinetics Solver for Human-like Figures}},
	booktitle = Humanoids,
	year = {2005},
	pages = {38--43}
}

@PHDTHESIS{kulpa:PhD05,
	author = {R. Kulpa},
	title = {{Adaptation Interactive et Performante des Mouvements d'Humano{\"i}des Synth{\'e}tiques : Aspects Cin{\'e}matique, Cin{\'e}tique et Dynamique}},
	school = {Universit{\'e} de Rennes I},
	year = {2005}
}

@ARTICLE{lazlo:CGF05,
	author = {J. Lazlo and M. Neff and K. Singh},
	title = {{Predictive Feedback for Interactive Control of Physics-Based Characters}},
	journal = CGF,
	year = {2005},
	volume = {24},
	pages = {257--265},
	number = {3}
}

@ARTICLE{liu:TOG05,
	author = {C. Liu and A. Hertzmann and Z. Popovi{\'c}},
	title = {{Learning Physics-Based Motion Style with Nonlinear Inverse Optimization}},
	journal = TOG,
	year = {2005},
	volume = {24},
	pages = {1071--1081},
	number = {3},
	publisher = {ACM}
}

@INPROCEEDINGS{lugo:NIME05,
	author = {R. Lugo and D. Jack},
	title = {{Beat Boxing: Expressive Control for Electronic Music Performance and Musical Applications}},
	booktitle = NIME,
	year = {2005},
	pages = {246--247}
}

@INPROCEEDINGS{makipatola:NIME05,
	author = {T. M{\hehe\"a}ki-Patola},
	title = {{User Interface Comparison for Virtual Drums}},
	booktitle = NIME,
	year = {2005},
	pages = {144--147}
}

@INPROCEEDINGS{motuk:ICASSP05,
	author = {E. Motuk and S. Bilbao and R. Woods},
	title = {{Implementation of Finite Difference Schemes for the Wave Equation on FPGA}},
	booktitle = ICASSP,
	year = {2005},
	pages = {237--240}
}

@ARTICLE{muller:TOG05,
	author = {M. M{\"u}ller and T. R{\"o}der and M. Clausen},
	title = {{Efficient Content-Based Retrieval of Motion Capture Data}},
	journal = TOG,
	year = {2005},
	volume = {24},
	pages = {677--685},
	number = {3},
	publisher = {ACM}
}

@PHDTHESIS{neff:PhD05,
	author = {M. Neff},
	title = {{Aesthetic Exploration and Refinement: a Computational Framework for Expressive Character Animation}},
	school = {University of Toronto, Canada},
	year = {2005}
}

@INPROCEEDINGS{oore:NIME05,
	author = {S. Oore},
	title = {{Learning Advanced Skills on New Instruments}},
	booktitle = NIME,
	year = {2005},
	pages = {60--64}
}

@BOOK{plack05,
	author = {C. Plack},
	title = {{The Sense of Hearing}},
	publisher = {Psychology Press},
	year = {2005}
}


@INPROCEEDINGS{poepel:NIME05,
	author = {C. Poepel},
	title = {{On Interface Expressivity: a Player-Based Study}},
	booktitle = NIME,
	year = {2005},
	pages = {228--231}
}

@MISC{rasamimanana:GW05,
	author = {N. Rasamimanana and E. Fl{\'e}ty and F. Bevilacqua},
	note = {Gesture Analysis of Violin Bow Strokes. In \emph{Gesture-Based Communication in Human-Computer Interaction}, LNAI 3881, pages 145--155, Springer Verlag},
	year = {2006}
}

@ARTICLE{redon:TOG05,
	author = {S. Redon and N. Galoppo and M. Lin},
	title = {{Adaptative Dynamics of Articulated Bodies}},
	journal = TOG,
	year = {2005},
	volume = {24},
	pages = {936--945},
	number = {3},
	publisher = {ACM}
}

@ARTICLE{ren:TOG05,
	author = {L. Ren and P. Alton and A. Efros and J. Hodgins and J. Rehg},
	title = {{A Data-driven Approach to Quantifying Natural Human Motion}},
	journal = TOG,
	volume = {24},
	number = {3},
	pages = {1090--1097},
	year = {2005}
}

@INPROCEEDINGS{safonova:SCA05,
	author = {A. Safonova and J. K. Hodgins},
	title = {{Analyzing the Physical Correctness of Interpolated Human Motion}},
	booktitle = SCA,
	year = {2005},
	pages = {171--180}
}

@ARTICLE{sakuma:CAVW05,
	author = {T. Sakuma and T. Mukai and S. Kuriyama},
	title = {{Psychological Model for Animating Crowded Pedestrian}},
	journal = CAVW,
	year = {2005},
	volume = {16},
	pages = {343--351},
	number = {3-4},
	publisher = {John Wiley and Sons Ltd.}
}

@ARTICLE{sentis:IJHR05,
	author = {L. Sentis and O. Khatib},
	title = {{Synthesis of Whole-body Behaviors through Hierarchical Control of Behavioral Primitives}},
	journal = {International Journal on Humanoid Robotics},
	volume = {2},
	number = {4},
	pages = {505--518},
	year = {2005}
}

@INPROCEEDINGS{shapiro:GI05,
	author = {A. Shapiro and P. Faloutsos and V. Ng-Thow-Hing},
	title = {{Dynamic Animation and Control Environment}},
	booktitle = GRAPHINT,
	year = {2005},
	pages = {61--70}
}

@INPROCEEDINGS{sharon:ICRA05,
	author = {D. Sharon and M. van de Panne},
	title = {{Synthesis of Controllers for Stylized Planar Bipedal Walking}},
	booktitle = ICRA,
	year = {2005},
	pages = {2387--2392}
}

@ARTICLE{smith:JNMR05,
	author = {J.~O. Smith},
	title = {{Virtual Acoustic Musical Instruments: Review and Update}},
	journal = JNMR,
	year = {2005},
	volume = {33},
	pages = {283--304},
	number = {3}
}

@INPROCEEDINGS{srinivasan:GI05,
	author = {M. Srinivasan and R. Metoyer and E. Mortensen},
	title = {{Controllable Real-Time Locomotion using Mobility Maps}},
	booktitle = GRAPHINT,
	year = {2005},
	pages = {51--59}
}

@INPROCEEDINGS{stAmour:GI05,
	author = {J.~F. St-Amour and E. Paquette and P. Poulin},
	title = {{Soft Shadows from Extended Light Sources with Penumbra Deep Shadow Maps}},
	booktitle = GRAPHINT,
	year = {2005},
	pages = {105--112}
}

@INPROCEEDINGS{taylor:NIME05,
	author = {R. Taylor and D. Torres and P. Boulanger},
	title = {{Using Music to Interact with a Virtual Character}},
	booktitle = NIME,
	year = {2005},
	pages = {220--223}
}

@INPROCEEDINGS{tindale:NIME05,
	author = {A. Tindale and A. Kapur and G. Tzanetakis and P. Driessen and A. Schloss},
	title = {{A Comparison of Sensor Strategies for Capturing Percussive Gestures}},
	booktitle = NIME,
	year = {2005},
	pages = {200--203}
}

@INPROCEEDINGS{traube:DAFX05,
	author = {C. Traube and N. d'Alessandro},
	title = {{Vocal Synthesis and Graphical Representation of the Phonetic Gestures Underlying Guitar Timbre Description}},
	booktitle = DAFX,
	year = {2005},
	pages = {104--109}
}

@ARTICLE{wright:OS05,
	author = {M. Wright},
	title = {{Open Sound Control: an Enabling Technology for Musical Networking}},
	journal = OS,
	volume = {10},
	number = {3},
	year = {2005},
	pages = {193--200},
	publisher = {Cambridge University Press},
}

@ARTICLE{yang:SMPT05,
	author = {F. Yang and L. Ding and C. Yang and X. Yuan},
	title = {{An Algorithm for Simulating Human Arm Movement considering the Comfort Level}},
	journal = {Simulation Modelling Practice and Theory},
	volume = {13},
	number = {5},
	pages = {437--449},
	year = {2005}
}

@ARTICLE{wanderley:JNMR05,
	author = {M. Wanderley and B. Vines and N. Middleton and C. McKay and W. Hatch},
	title = {{The Musical Significance of Clarinetists' Ancillary Gestures: an Exploration of the Field}},
	journal = JNMR,
	volume = {34},
	number = {1},
	pages = {97--113},
	year = {2005}
}

@ARTICLE{zordan:TOG05,
	author = {V. Zordan and A. Majkowska and B. Chiu and M. Fast},
	title = {{Dynamic Response for Motion Capture Animation}},
	journal = TOG,
	year = {2005},
	volume = {24},
	pages = {697--701},
	number = {3},
	publisher = {ACM}
}




//----------------------------------------------					------------------------------------------------//
//----------------------------------------------		2006			------------------------------------------------//
//----------------------------------------------					------------------------------------------------//

@INPROCEEDINGS{abe:SCA06,
	author = {Y. Abe and J. Popovi{\'c}},
	title = {{Interactive Animation of Dynamic Manipulation}},
	booktitle = SCA,
	year = {2006},
	pages = {195--204}
}

@PHDTHESIS{aimi:PhD06,
	author = {R. Aimi},
	title = {{Hybrid Percussion: Extending Physical Instruments using Sampled Acoustics}},
	school = {{Massachusetts Institute of Technology, USA}},
	year = {2006}
}

@ARTICLE{arikan:TOG06,
	author = {O. Arikan},
	title = {{Compression of Motion Capture Databases}},
	journal = TOG,
	year = {2006},
	volume = {25},
	pages = {890--897},
	number = {3},
	publisher = {ACM}
}

@INPROCEEDINGS{assayag06,
	author = {G. Assayag and G. Bloch and M. Chemillier and A. Cont and S. Dubnov},
	title = {{OMax Brothers: a Dynamic Topology of Agents for Improvization Learning}},
	booktitle = {ACM Multimedia Workshop On Audio and Music Computing},
	year = {2006}
}

@ARTICLE{avanzini:CAVW06,
	author = {F. Avanzini and P. Crosato},
	title = {{Integrating Physically-based Sound Models in a Multimodal Rendering Architecture}},
	journal = CAVW,
	volume = {17},
	number = {3-4},
	pages = {411--419},
	year = {2006}
}

@PHDTHESIS{bank:PhD06,
	author = {B. Bank},
	title = {{Physics-based Sound Synthesis of String Instruments including Geometric Nonlinearities}},
	school = {Budapest University of Technology and Economics, Hungary},
	year = {2006}
}

@INPROCEEDINGS{barthet:DAFX06,
	author = {R. Barthet and R. Kronland-Martinet and S. Ystad},
	title = {{Consistency of Timbre Patterns in Expressive Music Performance}},
	booktitle = DAFX,
	year = {2006},
	pages = {19--24}
}

@MASTERSTHESIS{bouenard:MsC06,
	author = {A. Bou{\"e}nard},
	title = {{R{\'e}alisation d'un Syst{\`e}me Exp{\'e}rimental pour la Simulation de Gestes de Percussion}},
	school = {Universit{\'e} de Rennes I, France},
	year = {2006}
}

@INPROCEEDINGS{cont:ICASSP06,
	author = {A. Cont},
	title = {{Realtime Audio to Score Alignment for Polyphonic Music Instruments using Sparse Non-negative Constraints and Hierarchical Hmms}},
	booktitle = ICASSP,
	pages = {},
	year = {2006}
}

@MISC{dahl:MMCB06,
	author = {S. Dahl},
	note = {Movements and Analysis of Drumming. In \emph{Music, Motor Control and the Brain}, pp. 125--138, Oxford University Press},
	year = {2006}
}

@INPROCEEDINGS{deJuan:SCA06,
	author = {C. de Juan and B. Bodenheimer},
	title = {{Re-using Traditionnal Animation: Methods for Semi-Automatic Segmentation and Inbetweening}},
	booktitle = SCA,
	year = {2006},
	pages = {223--232}
}

@ARTICLE{der:TOG06,
	author = {K. Der and R. Summer and J. Popovi{\'c}},
	title = {{Inverse Kinematics for Reduced Deformable Models}},
	journal = TOG,
	year = {2006},
	volume = {25},
	pages = {1174--1179},
	number = {3},
	publisher = {ACM}
}

@INPROCEEDINGS{dobrian:NIME06,
	author = {C. Dobrian and D. Koppelman},
	title = {{The 'E' in NIME: Musical Expression with New Computer Interfaces}},
	booktitle = NIME,
	pages = {277--282},
	year = {2006}
}

@INPROCEEDINGS{ferguson:NIME06,
	author = {S. Ferguson},
	title = {{Learning Musical Instrument Skills Through Interactive Sonification}},
	booktitle = NIME,
	year = {2006},
	pages = {384--389}
}

@INPROCEEDINGS{filatriau:DAFX06,
	author = {J. Filatriau and D. Arfib},
	title = {{Using Visual Textures for Sonic Textures Production and Control}},
	booktitle = DAFX,
	year = {2006},
	pages = {31--36}
}

@INPROCEEDINGS{dInca:ICAD06,
	author = {G. D'Inca and L. Mion},
	title = {{Expressive Audio Synthesis: From Performances to Sounds}},
	booktitle = ICAD,
	year = {2006}},
	pages = {???}
}

@PHDTHESIS{gibert:PhD06,
	author = {G. Gibert},
	title = {{Conception et Evaluation d'un Systeme de Synthese 3D de Langue Francaise Parlee Completee a partir du Texte}},
	school = {Institut National Polytechnique de Grenoble, France},
	year = {2006}
}

@PHDTHESIS{glardon:PhD06,
	author = {P. Glardon},
	title = {{On-Line Locomotion Synthesis for Virtual Humans}},
	school = {Ecole Polytechnique Federale de Lausanne, Switzerland},
	year = {2006}
}

@ARTICLE{heck:CGF06,
	author = {R. Heck and L. Kovar and M. Gleicher},
	title = {{Splicing Upper-Body Actions with Locomotions}},
	journal = CGF,
	year = {2005},
	volume = {25},
	pages = {459--466},
	number = {3}
}

@ARTICLE{heloir:CAVW06,
	author = {A. H{\'e}loir and N. Courty and S. Gibet and F. Multon},
	title = {{Temporal Alignment of Communicative Gesture Sequences}},
	journal = CAVW,
	volume = {17},
	number = {3-4},
	pages = {347--357},
	year = {2006}
}

@ARTICLE{james:TOG06,
	author = {D. James and J. Barbi\v{c} and D. Pai},
	title = {{Precomputed Acoustic Transfer: Output-sensitive Accurate Sound Generation for Geometrically Complex Vibration Sources}},
	journal = TOG,
	year = {2006},
	volume = {25},
	pages = {987-995},
	number = {3},
	publisher = {ACM}
}

@INPROCEEDINGS{jensenius:NIME06,
	author = {A. Jensenius and T. Kvifte and R. Godoy},
	title = {{Towards a Gesture Description Interchange Format}},
	booktitle = NIME,
	year = {2006},
	pages = {176--179}
}

@inproceedings{kartadinata:NIME06,
	author = {S. Kartadinata},
	title = {{The Gluion Advantages of an FPGA-based Sensor Interface}},
	booktitle = NIME,
	year = {2006},
	pages = {93--96}
}

@ARTICLE{kry:TOG06,
	author = {P. Kry and D. Pai},
	title = {{Interaction Capture and Synthesis}},
	journal = TOG,
	year = {2006},
	volume = {25},
	pages = {872--880},
	number = {3},
	publisher = {ACM}
}

@ARTICLE{leCallenec:GM06,
	author = {B. Le Callenec and R. Boulic},
	title = {{Interactive Motion Deformation with Prioritized Constraints}},
	journal = GM,
	volume = {68},
	number = {2},
	pages = {175--193},
	year = {2006}
}

@INPROCEEDINGS{leCallenec:SCA06,
	author = {B. Le Callenec and R. Boulic},
	title = {{Robust Kinematic Constraint Detection}},
	booktitle = SCA,
	year = {2006},
	pages = {281--290}
}

@INPROCEEDINGS{lee:NIME06,
	author = {E. Lee and I. Gr{\hehe\"u}ll and H. Kiel and J. Borchers},
	title = {{conga: a Framework for Adaptative Conducting Gesture Analysis}},
	booktitle = NIME,
	year = {2006},
	pages = {260--265}
}

@ARTICLE{lee:TOG06,
	author = {S.~H. Lee and D. Terzopoulos},
	title = {{Heads Up! Biomechanical Modeling and Neuromuscular Control of the Neck}},
	journal = TOG,
	year = {2006},
	volume = {25},
	pages = {1188--1198},
	number = {3},
	publisher = {ACM}
}

@INPROCEEDINGS{lin:GRAPHITE06,
	author = {Y. Lin},
	title = {{Efficient Human Motion Retrieval in Large Databases}},
	booktitle = GRAPHITE,
	pages = {31--37},
	year = {2006}
}

@INPROCEEDINGS{liu:PG06,
	author = {J.~Y. Kwon and I.~K. Lee},
	title = {{Estimation of Missing Markers in Human Motion Capture}},
	booktitle = PG,
	year = {2006},
	pages = {113-120}
}

@INPROCEEDINGS{liu:SCA06,
	author = {K. Liu and A. Hertzmann and Z. Popovi{\'c}},
	title = {{Composition of Complex Optimal Multi-Character Motions}},
	booktitle = SCA,
	year = {2006},
	pages = {215--222}
}

@INPROCEEDINGS{majkowska:SCA06,
	author = {A. Majkowska and V. Zordan and P. Faloutsos},
	title = {{Automatic Splicing for Hand and Body Animation}},
	booktitle = SCA,
	year = {2006},
	pages = {309--316}
}

@INPROCEEDINGS{makipatola:NIME06,
	author = {T. M{\"a}ki-Patola and P. H{\"a}m{\"a}l{\"a}inen and A. Kanerva},
	title = {{The Augmented Djembe Drum - Sculpting Rhythms}},
	booktitle = NIME,
	year = {2006},
	pages = {364--369}
}

@INPROCEEDINGS{marshall:ICMC06,
	author = {M. Marshall and A. Jensenius and J. Boissinot and M. M. Wanderley and J. Braasch},
	title = {{On the Development of a System for Gesture Control of Spatialization}},
	booktitle = ICMC,
	year = {2006},
	pages = {260--266}
}

@MISC{marteau:GW06,
	author = {P.~F. Marteau and S. Gibet},
	note = {Adaptive Sampling of Motion Trajectories for Discrete Taskbased Analysis and Synthesis of Gesture. In \emph{Gesture-Based Communication in Human-Computer Interaction}, LNAI 3881, pages 224--235, Springer Verlag},
	year = {2006}
}

@INPROCEEDINGS{mccann:SCA06,
	author = {J. McCann and N. Pollard and S. Srinivasa},
	title = {{Physics-Based Motion Retiming}},
	booktitle = SCA,
	year = {2006},
	pages = {205--214}
}

@BOOK{miranda:AR06,
 	author = {E. Miranda and M. M. Wanderley},
 	title = {{New Digital Musical Instruments: Control and Interaction Beyond the Keyboard}},
  	publisher = {{A-R Editions.}},
  	year = {2006}
}

@INPROCEEDINGS{misra:DAFX06,
	author = {A. Misra and P. Cook and G. Wang},
	title = {{A New Paradigm for Sound Design}},
	booktitle = DAFX,
	year = {2006},
	pages = {319--324}
}

@INPROCEEDINGS{mitobe:SIGGRAPH06,
	author = {K. Mitobe and T. Kaiga and T. Yukawa and T. Miura and H. Tamamoto and A. Rodgers and N. Yoshimura},
	title = {{Development of a Motion Capture System for a Hand using a Magnetic Three Dimensional Position Sensor}},
	booktitle = SIGGRAPH,
	pages = {102},
	year = {2006}
}

@INPROCEEDINGS{naef:NIME06,
	author = {M. Naef and D. Collicott},
	title = {{A VR Interface for Collaborative 3D Audio Performance}},
	booktitle = NIME,
	year = {2006},
	pages = {57--60}
}

@ARTICLE{ong:GM06,
	author = {E.-J. Ong and A. Hilton},
	title = {{Learnt Inverse Kinematics for Animation Synthesis}},
	journal = GM,
	volume = {68},
	number = {5-6},
	pages = {472--483},
	year = {2006}
}

@INPROCEEDINGS{parson:DAFX06,
	author = {D. Parson},
	title = {{Real-Time Detection of Finger Picking Musical Structures}},
	booktitle = DAFX,
	year = {2006},
	pages = {25--29}
}

@MASTERSTHESIS{poskriakov:PhD06,
	author = {S. Poskriakov},
	title = {{Humanoid Control Balance: a Comprehensive Review}},
	school = {Universit\'e de Geneve, Switzerland},
	year = {2006}
}

@INPROCEEDINGS{raghuvanshi:I3D06,
	author = {N. Raghuvanshi and and M. C. Lin},
	title = {{Interactive Sound Synthesis for Large Scale Environments}},
	booktitle = I3D,
	year = {2006},
	pages = {101--108}
}

@ARTICLE{raphael:ML06,
	author = {C. Raphael},
	title = {{Aligning Music Audio with Symbolic Scores using a Hybrid Graphical Model}},
	journal = {Machine Learning},
	volume = {65},
	number = {2-3},
	pages = {389--409},
	year = {2006}
}

@MASTERSTHESIS{ren:PhD06,
	author = {L. Ren},
	title = {{Statistical Analysis of Natural Human Motion for Animation}},
	school = {Carnegie Mellon University, USA},
	year = {2006}
}

@MISC{saiac06,
	author = {J.~H. Saiac},
	note = {Analyse Num{\'e}rique des Equations aux D{\'e}riv{\'e}es Partielles, CNAM Course Material},
	year = {2006}
}

@INPROCEEDINGS{shapiro:GI06,
	author = {A. Shapiro and Y. Cao and P. Faloutsos},
	title = {{Style Components}},
	booktitle = GRAPHINT,
	year = {2006},
	pages = {33--39}
}

@ARTICLE{shiratori:CGF06,
	author = {T. Shiratori and A. Nakazawa and K. Ikeuchi},
	title = {{Dance-to-Music Character Animation}},
	journal = CGF,
	year = {2005},
	volume = {25},
	pages = {449--458},
	number = {3}
}

@BOOK{strong06,
	author = {J. Strong},
	title = {{Drum for Dummies}},
	publisher = {Wiley and Sons},
	year = {2006},
	note = {Second edition}
}

@INPROCEEDINGS{umenhoffer:GI06,
	author = {T. Umenhoffer and L. Szirmay-Kalos and G. Szijarto},
	title = {{Spherical Billboards and their Application to Rendering Explosions}},
	booktitle = GRAPHINT,
	year = {2006},
	pages = {57--63}
}

@INPROCEEDINGS{verfaille:ICAD06,
	author = {V. Verfaille and O. Quek and M. M. Wanderley},
	title = {{Sonification of Musicians Ancillary Gestures}},
	booktitle = ICAD,
	year = {2006}},
	pages = {194--197}
}

@ARTICLE{verfaille:JNMR06,
	author = {V. Verfaille and M. M. Wanderley and P. Depalle},
	title = {{Mapping Strategies for Gestural and Adaptive Control of Digital Audio Effects}},
	journal = JNMR,
	year = {2006},
	volume = {35},
	number = {1},
	pages = {71--93}
}

@MASTERSTHESIS{wagner:MsC06,
	author = {A. Wagner},
	title = {{Analysis of Drumbeats - Interaction between Drummers, Drumstick and Instrument}},
	school = {KTH Royal Institute of Technology, Sweden},
	year = {2006}
}

@INPROCEEDINGS{wang:SCA06,
	author = {Z. Wang and M. van de Panne},
	title = {{Walk to here: a Voice Driven Animation System}},
	booktitle = SCA,
	year = {2006},
	pages = {243--251}
}

@ARTICLE{wang:TOG06,
	author = {J. Wang and S. Drucker and M. Agrawala and M. Cohen},
	title = {{The Cartoon Animation Filter}},
	journal = TOG,
	year = {2006},
	volume = {25},
	pages = {1169--1173},
	number = {3},
	publisher = {ACM}
}

@ARTICLE{wang:CAVW06,
	author = {Y. Wang and Z. Liu and L. Zhou},
	title = {{Key-styling: Learning Motion Style for Real-time Synthesis of 3D Animation}},
	journal = CAVW,
	volume = {17},
	number = {3-4},
	pages = {229--237},
	year = {2006}
}

@INPROCEEDINGS{wrotek:SIGRAPH06,
	author = {P. Wrotek and O. Chadwicke Jenkins and M. McGuire},
	title = {{Dynamo: Dynamic, Data-Driven Character Control with Adjustable Balance}},
	booktitle = SANDBOX,
	year = {2006},
	pages = {61--70}
}

@INPROCEEDINGS{zeleznik:GI06,
	author = {R. Zeleznik and T. Miller},
	title = {{Fluid Inking: Augmenting the Medium of Free-Form Inking with Gestures}},
	booktitle = GRAPHINT,
	year = {2006},
	pages = {155--162}
}

@INPROCEEDINGS{zadel:NIME06,
	author = {M. Zadel and G. Scavone},
	title = {{Different Strokes: a Prototype Software System for Laptop Performance and Improvisation}},
	booktitle = NIME,
	pages = {168--171},
	year = {2006}
}





//----------------------------------------------					------------------------------------------------//
//----------------------------------------------		2007			------------------------------------------------//
//----------------------------------------------					------------------------------------------------//

@INPROCEEDINGS{abe:SCA07,
	author = {Y. Abe and M. da Silva and J. Popovi{\'c}},
	title = {{Multiobjective Control with Frictional Contacts}},
	booktitle = SCA,
	year = {2007},
	pages = {249--258}
}

@INPROCEEDINGS{aimi:NIME07,
	author = {R. Aimi},
	title = {{Percussion Instruments using Realtime Convolution: Physical Controllers}},
	booktitle = NIME,
	year = {2007},
	pages = {154--159}
}

@INPROCEEDINGS{allen:SCA07,
	author = {B. Allen and D. Chu and A. Shapiro and P. Faloutsos},
	title = {{On the Beat! Timing and Tension for Dynamic Characters}},
	booktitle = SCA,
	year = {2007},
	pages = {239--247}
}

@INPROCEEDINGS{angelidis:SCA07,
	author = {A. Angelidis and K. Singh},
	title = {{Kinodynamic Skinning Using Volume-Preserving Deformations}},
	booktitle = SCA,
	year = {2007},
	pages = {129--140}
}

@ARTICLE{avanzini:AAA07,
	author = {M. van Walstijn and F. Avanzini},
	title = {{Modelling the Mechanical Response of the Reed-Mouthpiece-Lip System of a Clarinet -- Part II: A Lumped Model Approximation}},
	journal = AAA,
	volume = {93},
	number = {3},
	pages = {435--446},
	year = {2007}
}

@ARTICLE{baran:TOG07,
	author = {I. Baran and J. Popovi{\'c}},
	title = {{Automatic Rigging and Animation of 3D Characters}},
	journal = TOG,
	year = {2007},
	volume = {26},
	pages = {72:1--72:8},
	number = {3},
	publisher = {ACM}
}

@INPROCEEDINGS{barbic:SCA07,
	author = {J. Barbi\v{c} and D. James},
	title = {{Time-Critical Distributed Contact for 6-DoF Haptic Rendering of Adaptively Sampled Reduced Deformable Models}},
	booktitle = SCA,
	year = {2007},
	pages = {171--180}
}

@ARTICLE{bender:CAVW07,
	author = {J. Bender},
	title = {{Impulse-Based Dynamic Simulation in Linear Time}},
	journal = CAVW,
	year = {2007},
	volume = {18},
	pages = {225--233},
	number = {4-5},
	publisher = {John Wiley & Sons, Ltd.}
}

@INPROCEEDINGS{bevilacqua:NIME07,
	author = {F. Bevilacqua and F. Gu\'edy and N. Schnell and E. Fl\'ety and N. Leroy},
	title = {{Wireless Sensor Interface and Gesture-follower for Music Pedagogy}},
	booktitle = NIME,
	pages = {124--129},
	year = {2007}
}

@ARTICLE{bridson:TOG07,
	author = {R. Bridson and J. Hourihan and M. Nordenstam},
	title = {{Curl-Noise for Procedural Fluid Flow}},
	journal = TOG,
	year = {2007},
	volume = {26},
	pages = {46:1-46:3},
	number = {3},
	publisher = {ACM}
}

@ARTICLE{carvalho:CAVW07,
	author = {S. Carvalho and R. Boulic and D. Thalmann},
	title = {{Interactive Low-dimensional Human Motion Synthesis by Combining Motion Models and PIK}},
	journal = CAVW,
	volume = {18},
	number = {4-5},
	pages = {493-503},
	year = {2007}
}

@INPROCEEDINGS{casciato:ENACTIVE07,
	author = {C. Casciato and M. M. Wanderley},
	title = {{Lessons from Long Term Gestural Controller Users}},
	booktitle = ENACTIVE,
	year = {2007},
	pages = {333--336}
}

@ARTICLE{chai:TOG07,
	author = {J. Chai and J. Hodgins},
	title = {{Constraint-based Motion Optimization using a Statistical Dynamic Model}},
	journal = TOG,
	year = {2007},
	volume = {26},
	pages = {8:1-8:9},
	number = {3},
	publisher = {ACM}
}

@INPROCEEDINGS{chiu:VRST07,
	author = {B. Chiu and V. Zordan and C.~C. Wu},
	title = {{State-annotated Motion Graphs}},
	booktitle = VRST,
	pages = {73--76},
	year = {2007}
}

@INPROCEEDINGS{chuchacz:NIME07,
	author = {K. Chuchacz and S. O'Modhrain and R. Woods},
	title = {{Physical Models and Musical Controllers: Designing a Novel Electronic Percussion Instrument}},
	booktitle = NIME,
	year = {2007},
	pages = {37--40}
}

@ARTICLE{cooper:TOG07,
	author = {S. Cooper and A. Hertzmann and Z Popovi{\'c}},
	title = {{Active Learning for Real-Time Motion Controller}},
	journal = TOG,
	year = {2007},
	volume = {26},
	pages = {5:1-5:7},
	number = {3},
	publisher = {ACM}
}

@ARTICLE{corbett:Presence07,
	author = {R. Corbett and K. van den Doel and J. Lloyd and W. Heidrich},
	title = {{Timbrefields: 3d Interactive Sound Models for Real-Time Audio}},
	journal = Presence,
	year = {2007},
	volume = {16},
	number = {6},
	pages = {643--654},
	publisher = {MIT Press},
}

@ARTICLE{courty:CAVW07,
	author = {N. Courty and T. Corpetti},
	title = {{Crowd Motion Capture}},
	journal = CAVW,
	year = {2007},
	volume = {18},
	pages = {361--370},
	number = {4-5},
	publisher = {John Wiley & Sons, Ltd.}
}

@ARTICLE{dahl:MC07,
	author = {S. Dahl and A. Friberg},
	title = {{Visual Perception of Expressiveness in Musicians' Body Movements}},
	journal = {Music Perception},
	volume = {24},
	number = {5},
	pages = {433--453},
	year = {2007}
}

@inproceedings{dalessandro:NIME07,
	author = {N. D'Alessandro and T. Dutoit},
	title = {HandSketch Bi-manual Controller: Investigation on Expressive Control Issues of an Augmented Tablet},
	booktitle = NIME,
	pages = {78--81},
	year = {2007}
}

@INPROCEEDINGS{eden:GI07,
	author = {A. Eden and A. Bargteil and T. Goktekin and S. Eisinger J. O'Brien},
	title = {{A Method for Cartoon-Style Rendering of Liquid Animation}},
	booktitle = GRAPHINT,
	year = {2007},
	pages = {51--55}
}

@BOOK{featherstone07,
	author = {R. Featherstone},
	title = {Rigid Body Dynamics Algorithms},
	publisher = {Springer},
	year = {2007}
}

@INPROCEEDINGS{fox:ICMC07,
	author = {C. Fox and I. Rezek and S. Roberts},
	title = {{Drum'N'Bayes: On-Line Variational Inference for Beat Tracking and Rhythm Recognition}},
	booktitle = ICMC,
	year = {2007},
	pages = {???}
}

@ARTICLE{galoppo:CGF07,
	author = {N. Galoppo and M. Otaduy and S. Tekin and M. Gross and M. Lin},
	title = {{Soft Articulated Characters with Fast Contact Handling}},
	journal = CGF,
	year = {2007},
	volume = {26},
	pages = {243--253},
	number = {3},
	publisher = {Blackwell Publishing}
}

@INPROCEEDINGS{gibet:ISDA07,
	author = {S. Gibet and P.~F. Marteau},
	title = {{Learning for the Control of Dynamical Motion Systems}},
	booktitle = {International Conference on Intelligent Systems Design and Applications (ISDA)},
	pages = {454-459},
	year = {2007}
}

@INPROCEEDINGS{deGotzen:ICMC07,
	author = {A. de G{\hehe\"o}tzen and L. Mion and F. Avanzini and S. Serafin},
	title = {{Learning Sounding Gestures}},
	booktitle = ICMC,
	year = {2007},
	pages = {375--378}
}

@ARTICLE{hu:CAW07,
	author = {J. Hu and L. Liu and G. Wang},
	title = {{Dual Laplacian Morphing for Triangular Meshes}},
	journal = CAVW,
	year = {2007},
	volume = {18},
	pages = {271--277},
	number = {4-5},
	publisher = {John Wiley & Sons, Ltd.}
}

@INPROCEEDINGS{hsu:SCA07,
	author = {E. Hsu and M. da Silva and J. Popovi{\'c}},
	title = {{Guided Time Warping for Motion Editing}},
	booktitle = SCA,
	year = {2007},
	pages = {45--52}
}

@PHDTHESIS{jensenius:PhD07,
	author = {A. Jensenius},
	title = {{Action -- Sound: Developing Methods and Tools to Study Music-related Body Movement}},
	school = {University of Oslo, Norway},
	year = {2007}
}

@INPROCEEDINGS{johnston:ICMC07,
	author = {A. Johnston and B. Marks and L. Candy},
	title = {{Sound Controlled Musical Instruments Based on Physical Models}},
	booktitle = ICMC,
	year = {2007},
	pages = {100--109}
}

@INPROCEEDINGS{jones:NIME07,
	author = {R. Jones and A. Schloss},
	title = {{Controlling a Physical Model with a 2D Force Matrix}},
	booktitle = NIME,
	year = {2007},
	pages = {27--30}
}

@ARTICLE{joshi:TOG07,
	author = {P. Joshi and M. Meyer and T. DeRose},
	title = {{Harmonic Coordinates for Character Articulation}},
	journal = TOG,
	year = {2007},
	volume = {26},
	pages = {71:1-71:9},
	number = {3},
	publisher = {ACM}
}

@INPROCEEDINGS{kapur:ICMC07,
	author = {A. Kapur and Trimpin and E. Singer and A. Suleman and G. Tzanetakis},
	title = {{A Comparison of Solenoid-Based Strategies for Robotic Drumming}},
	booktitle = ICMC,
	year = {2007},
	pages = {393--396}
}

@INPROCEEDINGS{kapur:NIME07,
	author = {A. Kapur and E. Singer and M. S. Benning and G. Tzanetakis and Trimpin},
	title = {{Integrating Hyperinstruments, Musical Robots, \& Machine Musicianship for North Indian Classical Music}},
	booktitle = NIME,
	year = {2007},
	pages = {238--241}
}

@PHDTHESIS{kapur:PhD07,
	author = {A. Kapur},
	title = {{Digitizing North Indian Music: Preservation and Extension using Multimodal Sensor Systems, Machine Learning and Robotics}},
	school = {University of Victoria, Canada},
	year = {2007}
}

@INPROCEEDINGS{kontogeorgakopoulos:DAFX07,
	author = {A. Kontogeorgakopoulos and C. Cadoz},
	title = {{Filtering within the Framework of Mass-Interaction Physical Modeling and of Haptic Gestural Interaction}},
	booktitle = DAFX,
	year = {2007},
	pages = {319--326}
}

@INPROCEEDINGS{kwon:PG07,
	author = {J.~Y. Kwon and I.~K. Lee},
	title = {{Rubber-Like Exageration for Character Animation}},
	booktitle = PG,
	year = {2007},
	pages = {18--26}
}

@INPROCEEDINGS{leGroux:NIME07,
	author = {S. Le Groux and J. Manzolli and P. Verschure},
	title = {{VR-RoBoser: Real-Time Adaptive Sonification of Virtual Environments Based on Avatar Behavior}},
	booktitle = NIME,
	year = {2007},
	pages = {371--374}
}

@ARTICLE{lerner:CGF07,
	author = {A. Lerner and Y. Chrysanthou and D. Lischinski},
	title = {{Crowds by Example}},
	journal = CGF,
	year = {2007},
	volume = {26},
	pages = {655--664},
	number = {3},
	publisher = {Blackwell Publishing}
}

@ARTICLE{loehr:EBR07,
	author = {J. Loehr and C. Palmer},
	title = {{Cognitive and Biomechanical Influences in Pianists' Finger Tapping}},
	journal = {Experimental Brain Research},
	volume = {178},
	number = {4},
	pages = {518--528},
	year = {2007}
}

@INPROCEEDINGS{luciani:ENACTIVE07,
	author = {A. Luciani and J.~L. Florens and D. Courouss{\'e} and C. Cadoz},
	title = {{Ergotic Sounds: a New Way to improve Playability, Believability and Presence of Digital Musical Instruments}},
	booktitle = ENACTIVE,
	year = {2007},
	pages = {373--376}
}

@INPROCEEDINGS{majkowska:SCA07,
	author = {A. Majkowska and P. Faloutsos},
	title = {{Flipping with Physics: Motion Editing for Acrobatics}},
	booktitle = SCA,
	year = {2007},
	pages = {35--44}
}

@INPROCEEDINGS{malloch:ICMC07,
	author = {J. Malloch and S. Sinclair and M. M. Wanderley},
	title = {{From Controller to Sound: Tools for Collaborative Development of Digital Musical Instruments}},
	booktitle = ICMC,
	year = {2007},
	pages = {65--72}
}

@MASTERSTHESIS{malloch:MsC07,
	author = {J. Malloch},
	title = {{A Consort of Gestural Musical Controllers: Design, Construction, and Performance}},
	school = {McGill University, Canada},
	year = {2007}
}

@INPROCEEDINGS{malloch:NIME07,
	author = {J. Malloch and M. M. Wanderley},
	title = {{The T-Stick: From Musical Interface to Musical Instrument}},
	booktitle = NIME,
	year = {2007},
	pages = {66--69}
}

@INPROCEEDINGS{marshall:ENACTIVE07,
	author = {M. Marshall and J. Malloch and M. M. Wanderley},
	title = {{Non-Conscious Control of Sound Spatialization}},
	booktitle = ENACTIVE,
	year = {2007},
	pages = {377--380}
}

@INPROCEEDINGS{mcdonnell:SCA07,
	author = {R. McDonnell and F. Newell and C. O'Sullivan},
	title = {{Smooth Movers: Perceptually Guided Human Motion Simulation}},
	booktitle = SCA,
	year = {2007},
	pages = {259--269}
}

@INPROCEEDINGS{mukai:PG07,
	author = {T. Mukai and S. Kuriyama},
	title = {{Multilinear Motion Synthesis with Level-of-Detail Controls}},
	booktitle = PG,
	year = {2007},
	pages = {9--17}
}

@INPROCEEDINGS{poyer:DAFX07,
	author = {F. Poyer and C. Cadoz},
	title = {{Self-Sustained Vibrating Structures Physical Modelling by Means of Mass-Interaction Networks}},
	booktitle = DAFX,
	year = {2007},
	pages = {311--318}
}

@MISC{rasamimanana:GW07,
	author = {N. Rasamimanana and D. Bernardin and M. M. Wanderley and F. Bevilacqua},
	note = {String Bowing Gestures at Varying Bow Stroke Frequencies: A Case Study. In \emph{Gesture-Based Human-Computer Interaction and Simulation}, LNCS 5085, pp. 216--226, Springer Verlag},
	year = {2008}
}

@INPROCEEDINGS{rober:DAFX07,
	author = {N. R{\hehe\"o}ber and U. Kaminski and M. Masuch},
	title = {{Ray Acoustics Using Computer Graphics Technology}},
	booktitle = DAFX,
	year = {2007},
	pages = {117--124}
}

@INPROCEEDINGS{roy:DAFX07,
	author = {P. Roy and F. Pachet and S. Krakowski},
	title = {{Analytical Features for the Classification of Percussive Sounds: the Case of the Pandeiro}},
	booktitle = DAFX,
	year = {2007},
	pages = {213--220}
}

@ARTICLE{safonova:TOG07,
	author = {A. Safonova and J. Hodgins},
	title = {{Construction and Optimal Search of Interpolated Motion Graphs}},
	journal = TOG,
	year = {2007},
	volume = {26},
	pages = {106:1-106:11},
	number = {3},
	publisher = {ACM}
}

@INPROCEEDINGS{schacher:ICMC07,
	author = {J. Schacher and M. Neukom},
	title = {{Where's the Beat? Tools for Dynamic Tempo Calculations}},
	booktitle = ICMC,
	year = {2007},
	pages = {???}
}

@INPROCEEDINGS{schacher:NIME07,
	author = {J. Schacher},
	title = {{Gesture Control of Sounds in 3D Space}},
	booktitle = NIME,
	year = {2007},
	pages = {358--362}
}

@INPROCEEDINGS{sinclair:ENACTIVE07,
	author = {S. Sinclair and M. M. Wanderley},
	title = {{Extending DIMPLE: a Rigid Body Simulator for Interactive Control of Sound}},
	booktitle = ENACTIVE,
	year = {2007},
	pages = {263--266}
}

@INPROCEEDINGS{sinclair:NIME07,
	author = {S. Sinclair and M. M. Wanderley},
	title = {{Defining a Control Standard for Easily Integrating Haptic Environments with Existing Audio-Visual Systems}},
	booktitle = NIME,
	year = {2007},
	pages = {209--212}
}

@ARTICLE{sok:TOG07,
	author = {K. Sok and M. Kim and J. Lee},
	title = {{Simulating Biped Behaviors from Human Motion Data}},
	journal = TOG,
	year = {2007},
	volume = {26},
	pages = {107:1-107:9},
	number = {3},
	publisher = {ACM}
}

@INPROCEEDINGS{tang:CASA07,
	author = {W. Tang and T. Wan and C. Gatzoulis},
	title = {{Interactive Physics-Based Motion Synthesis with Adaptative Optimization}},
	booktitle = CASA,
	year = {2007},
	pages = {???}
}

@INPROCEEDINGS{theobalt:SCA07,
	author = {C. Theobalt and C. R\"ossl and E. de Aguiar and H.~P. Seidel},
	title = {{Animation Collage}},
	booktitle = SCA,
	year = {2007},
	pages = {271--280}
}

@INPROCEEDINGS{thurey:PG07,
	author = {N. Th\"urey and M. M\"uller-Fischer and S. Schirm and M. Gross},
	title = {{Real-time Breaking Waves for Shallow Water Simulations}},
	booktitle = PG,
	year = {2007},
	pages = {39--46}
}

@INPROCEEDINGS{tindale:NIME07,
	author = {A. Tindale},
	title = {{A Hybrid Method for Extended Percussive Gesture}},
	booktitle = NIME,
	year = {2007},
	pages = {392--393}
}

@ARTICLE{ting:CAVW07,
	author = {S.~P. Ting and S. Zhou},
	title = {{Quartz: an Autonomous Naviguation System for MOUT simulations}},
	journal = CAVW,
	year = {2007},
	volume = {18},
	pages = {383--394},
	number = {4-5},
	publisher = {John Wiley & Sons, Ltd.}
}

@ARTICLE{treuille:TOG07,
	author = {A. Treuille and Y. Lee and Z. Popovi{\'c}},
	title = {{Near-Optimal Character Animation with Continuous Control}},
	journal = TOG,
	year = {2007},
	volume = {26},
	pages = {7:1-7:7},
	number = {3},
	publisher = {ACM}
}

@INPROCEEDINGS{ughini:CASA07,
	author = {C. Ughini and L. Nedel},
	title = {{Adaptable Deterministic Roadmaps for Motion Planning of Bodies with many DOFs}},
	booktitle = CASA,
	year = {2007},
	pages = {19--26}
}

@INPROCEEDINGS{vanNort:NIME07,
	author = {D. van Nort and M. M. Wanderley},
	title = {{Control Strategies for Naviguation of Complex Sonic Spaces}},
	booktitle = NIME,
	year = {2007},
	pages = {379--383}
}

@INPROCEEDINGS{villamil:CASA07,
	author = {M. Villamil and L. Nedel and C. Freitas and B. Macq},
	title = {{An Anatomy-Based Approach to Simulate the Temporomandibular Joint Movement}},
	booktitle = CASA,
	year = {2007},
	pages = {41--47}
}

@INPROCEEDINGS{visell:ICAD07,
	author = {Y. Visell and J. Cooperstock},
	title = {{Modeling and Continuous Sonification of Affordances for Gesture-Based Interfaces}},
	booktitle = ICAD,
	year = {2007}},
	pages = {423--429}
}

@ARTICLE{vlasic:TOG07,
	author = {D. Vlasic and R.. Adelsberger and G. Vannucci and J. Barnwell and M. Gross and W. Matusik and J. Popovi{\'c}},
	title = {{Practical Motion Capture in Everyday Surroundings}},
	journal = TOG,
	year = {2007},
	volume = {26},
	pages = {35:1-35:9},
	number = {3},
	publisher = {ACM}
}

@INPROCEEDINGS{xiang:IIHMSP07,
	author = {J. Xiang and H. Zhu},
	title = {{Ensemble HMM Learning for Motion Retrieval with Non-linear PCA Dimensionality Reduction}},
	booktitle = {Proc. of the International Conference on International Information Hiding and Multimedia Signal Processing (IIH-MSP)},
	pages = {604--607},
	year = {2007}
}

@INPROCEEDINGS{yankov:KDD07,
	author = {D. Yankov and E. Keogh and J. Medina and B. Chiu and V. Zordan},
	title = {{Detecting Time Series Motifs under Uniform Scaling}},
	booktitle = {Proc. of the ACM SIGKDD International Conference on Knowledge Discovery and Data Mining},
	pages = {844--853},
	year = {2007}
}

@ARTICLE{yin:TOG07,
	author = {K. Yin and K. Loken and M. van de Panne},
	title = {{SIMBICON: Simple Biped Locomotion Control}},
	journal = TOG,
	year = {2007},
	volume = {26},
	pages = {105:1-105:10},
	number = {3},
	publisher = {ACM}
}

@INPROCEEDINGS{zordan:SIGGRAPH07,
	author = {V. Zordan and A. Macchietto and J. Medina and M. Soriano and C.~C. Wu},
	title = {{Interactive Dynamic Response for Games}},
	booktitle = SANDBOX,
	pages = {9--14},
	year = {2007}
}

@INPROCEEDINGS{zordan:VRST07,
	author = {V. Zordan and A. Macchietto and J. Medina and M. Soriano and C.~C. Wu and R. Metoyer and R. Rose},
	title = {{Anticipation from Example}},
	booktitle = VRST,
	pages = {81--84},
	year = {2007}
}





//----------------------------------------------					------------------------------------------------//
//----------------------------------------------		2008			------------------------------------------------//
//----------------------------------------------					------------------------------------------------//

@ARTICLE{barbic:TOG08,
	author = {J. Barbi\v{c} and J. Popovi{\'c}},
	title = {{Real-time Control of Physically based Simulations using Gentle Forces}},
	journal = TOG,
	volume = {27},
	number = {5},
	year = {2008},
	pages = {1--10}
}

@ARTICLE{bonneel:TOG08,
	author = {N. Bonneel and G. Drettakis and N. Tsingos and I. Viaud-Delmon and D. James},
	title = {{Fast Modal Sounds with Scalable Frequency-Domain Synthesis}},
	journal = TOG,
	number = {3},
	volume = {27},
	pages = {1--9},
	year = {2008},
	publisher = {ACM}
}

@INPROCEEDINGS{bouenard:ENACTIVE08,
	author = {A. Bou{\"e}nard and M. M. Wanderley and S. Gibet},
	title = {{Analysis of Percussion Grip for Physically Based Character Animation}},
	booktitle = ENACTIVE,
	year = {2008},
	pages = {22--27}
}

@INPROCEEDINGS{bouenard:NIME08,
	author = {A. Bou{\"e}nard and S. Gibet and M. M. Wanderley},
	title = {{Enhancing the Visualization of Percussion Gestures by Virtual Character Animation}},
	booktitle = NIME,
	year = {2008},
	pages = {38--43}
}

@INPROCEEDINGS{courty:AMDO08,
	author = {N. Courty and E. Arnaud},
	title = {{Inverse Kinematics using Sequential Monte Carlo Methods}},
	booktitle = AMDO,
	pages = {1--10},
	year = {2008}
}
	
@PHDTHESIS{demoucron:PhD08,
	author = {M. Demoucron},
	title = {{On the Control of Virtual Violins: Physical Modelling and Control of Bowed String Instruments}},
	school = {Universit{\'e} Paris VI, France},
	year = {2008}
}

@ARTICLE{dilorenzo:TOG08,
	author = {P. DiLorenzo and V. Zordan and B. Sanders},
	title = {{Laughing out Loud: Control for Modeling Anatomically inspired Laughter using Audio}},
	journal = TOG,
	volume = {27},
	number = {5},
	pages = {1--8},
	year = {2008}
}

@INPROCEEDINGS{ding:VLDB08,
	author = {H. Ding and G. Trajcevski and P. Scheuermann and X. Wang and E. Keogh},
	title = {{Querying and Mining of Time Series Data: Experimental Comparison of Representations and Distance Measures}},
	booktitle = {Proc. of the International Conference on Very Large Human-Motion Data Bases},
	pages = {1542--1552},
	year = {2008}
}

@INPROCEEDINGS{fraietta:NIME08,
	author = {A. Fraietta},
	title = {{Open Sound Control: Constraints and Limitations}},
	booktitle = NIME,
	year = {2008},
	pages = {19--23}
}

@INPROCEEDINGS{mahmudi:I3D08,
	author = {M. Mahmudi and M. Kallmann},
	title = {{Fast Path Planning using Motion Graphs}},
	booktitle = I3D,
	pages = {1--1},
	year = {2008}
}

@ARTICLE{metoyer:TVCG08,
	author = {R. Metoyer and V. Zordan and B. Hermens and C.~C. Wu and M. Soriano},
	title = {{Psychologically Inspired Anticipation and Dynamic Response for Impacts to the Head and Upper Body}},
	journal = {IEEE Transactions on Visualization and Computer Graphics},
	volume = {14},
	number = {1},
	pages = {173--185},
	year = {2008}
}

@INPROCEEDINGS{nunes:ISVC08,
	author = {R. Nunes and C. Vidal and J. Neto and V. Zordan},
	title = {{Simple Feedforward Control for Responsive Motion Capture-Driven Simulations}},
	booktitle = ISVC,
	pages = {488--497},
	year = {2008}
}

@ARTICLE{pakarinen:CMJ08,
	author = {J. Pakarinen and T. Puputti and V. V\"alim\"aki},
	title = {{Virtual Slide Guitar}},
	journal = CMJ,
	volume = {32},
	number = {3},
	pages = {42--54},
	year = {2008}
}

@INPROCEEDINGS{palacio:NIME08,
	author = {C. Palacio-Quintin},
	title = {{Eight Years of Practice on the Hyper-Flute: Technological and Musical Perspectives}},
	booktitle = NIME,
	pages = {293--298},
	year = {2008}}
}

@BOOK{patterson08,
	author = {D. Patterson},
	title = {{John Cage: Music, Philosophy and Intention, 1933--1950}},
	publisher = {Routledge},
	year = {2008}
}

@ARTICLE{rasamimanana:JNMR08,
	author = {N. Rasamimanana and F. Bevilacqua},
	title = {{Effort-based Analysis of Bowing Movements: Evidence of Anticipation Effects}},
	journal = JNMR,
	volume = {37},
	number = {4},
	pages = {339--351},
	year = {2008}
}

@PHDTHESIS{rasamimanana:PhD08,
	author = {N. Rasamimanana},
	title = {{Geste Instrumental du Violoniste en Situation de Jeu : Analyse et Mod{\'e}lisation}},
	school = {Universit{\'e} Paris VI, France},
	year = {2008}
}

@ARTICLE{sueda:TOG08,
   author = {S. Sueda and A. Kaufman and D. K. Pai},
   title = {{Musculotendon Simulation for Hand Animation}},
   journal = TOG,
   volume = {27},
   number = {3},
   pages = {83:1--8},
   year = {2008}
} 

@ARTICLE{sinclair:IC08,
   author = {S. Sinclair and M. M. Wanderley},
   title = {{A Run-time Programmable Simulator to Enable Multimodal Interaction with Rigid Body Systems}},
   journal = {Interacting with Computers},
   volume = {21},
   number = {1-2},
   pages = {54--63},
   year = {2008}
} 

@ARTICLE{unzueta:GM08,
	author = {L. Unzueta and M. Peinado and R. Boulic and A. Suescun},
	title = {{Full-Body Performance Animation with Sequential Inverse Kinematics}},
	journal = GM,
	volume = {70},
	number = {5},
	pages = {87--104},
	year = {2008}
}
 
@INPROCEEDINGS{zadel:ICMC08,
	author = {M. Zadel and G. Scavone},
	title = {{Recent Developments in the Different Strokes Environment}},
	booktitle = ICMC,
	pages = {1--4},
	year = {2008}
}

@INPROCEEDINGS{wu:ISVC08,
	author = {C.~C. Wu and J. Medina and V. Zordan},
	title = {{Simple Steps for Simply Stepping}},
	booktitle = ISVC,
	pages = {97--106},
	year = {2008}
}





//----------------------------------------------					------------------------------------------------//
//----------------------------------------------		2009			------------------------------------------------//
//----------------------------------------------					------------------------------------------------//

@MISC{aubry:GW09,
	author = {M. Aubry and F. Julliard and S. Gibet},
	note = {Modeling Joint Synergies to Synthesize Realistic Movements. To appear in \emph{Gesture-Based Communication in Human-Computer Interaction}, Springer Verlag},
	year = {2009}
}	

@BOOK{avanzini09,
	author = {F. Avanzini and G. de Poli},
	title = {{Algorithms for Sound and Music Computing}},
	publisher = {In preparation},
	year = {2009},
	note = {available at \href{http://smc.dei.unipd.it/education.html}{http://smc.dei.unipd.it/education.html}}
}

@INPROCEEDINGS{awad:CBMI09,
	author = {C. Awad and N. Courty and S. Gibet},
	title = {{A Database Architecture For Real-Time Motion Retrieval}},
	booktitle = {{Proc. of the International Workshop on Content-Based Multimedia Indexing (CBMI’09)}},
	pages = {225--230},
	year = {2009}
}

@INPROCEEDINGS{awad:IVA09,
	author = {C. Awad and N. Courty and K. Duarte and T. Le Naour and S. Gibet},
	title = {{A Combined Semantic and Motion Capture Database for Real-Time Sign Language Synthesis}},
	booktitle = {{Proc. of the International Conference on Intelligent Virtual Agents (IVA)}},
	pages = {342--348},
	year = {2009}
}

@MISC{bevilacqua:GW09,
	author = {F. Bevilacqua and B. Zamborlin and A. Sypniewski and N. Schnell and F. Gu{\'e}dy},
	note = {Continuous Realtime Gesture Following and Recognition. To appear in \emph{Gesture in Embodied Communication and Human-Computer Interaction}, Vol. 5934, Springer Verlag},
	year = {2009}
}	

@ARTICLE{bouenard:AAA09,
	author = {A. Bou{\"e}nard and M. M. Wanderley and S. Gibet},
	title = {{Virtual Gesture Control of Sound Synthesis: Analysis and Synthesis of Percussion Gestures}},
	journal = AAA,
	note = {Submitted},
	year = {2009}
}

@INPROCEEDINGS{bouenard:CASA09,
	author = {A. Bou{\"e}nard and S. Gibet and M. M. Wanderley},
	title = {{Hybrid Motion Control combining Inverse Kinematics and Inverse Dynamics Controllers for Simulating Percussion Gestures}},
	booktitle = CASA,
	year = {2009},
	pages = {17--20}
}

@ARTICLE{bouenard:CMJ09,
	author = {A. Bou{\"e}nard and M. M. Wanderley and S. Gibet and F. Marandola},
	title = {{Synthesis of Music Performances: Advantages and Limitations of Simulating Percussion Gestures for Sound Synthesis}},
	journal = CMJ,
	note = {Submitted},
	year = {2009}
}

@ARTICLE{bouenard:GM09,
	author = {A. Bou{\"e}nard and S. Gibet and M. M. Wanderley},
	title = {{Real-time Simulation and Interaction of Percussion Gestures with Sound Synthesis}},
	journal = GM,
	note = {Submitted},
	year = {2009}
}

@INPROCEEDINGS{bouenard:GW09,
	author = {A. Bou{\"e}nard and M. M. Wanderley and S. Gibet},
	title = {{Analysis of Timpani Preparatory Gesture Parameterization}},
	booktitle = GW,
	year = {2009},
	pages = {61--62}
}

@MISC{bouenard:HAL09,
	author = {A. Bou{\"e}nard and S. Gibet and M. M. Wanderley},
	note = {Real-time Simulation and Interaction of Percussion Gestures with Sound Synthesis. In \emph{HAL Open Archives}, Technical Report},
	year = {2009}
}

@INPROCEEDINGS{bouenard:ICMC09,
	author = {A. Bou{\"e}nard and M. M. Wanderley and S. Gibet},
	title = {{Advantages and Limitations of Simulating Percussion Gestures for Sound Synthesis}},
	booktitle = ICMC,
	pages = {255--261},
	year = {2009}
}

@PHDTHESIS{bouenard:PHD09,
	author = {A. Bou\"enard},
	title = {{Synthesis of Music Performances: Virtual Character Animation as a Controller of Sound Synthesis}},
	school = {Universit{\'e} Europ{\'e}enne de Bretagne, France},
	year = {2009}
}

@INPROCEEDINGS{castagne:JIM09,
	author = {N. Castagn{\'e} and C. Cadoz},
	title = {{Genesis$^3$ -- Plate-forme pour la Cr{\'e}ation Musicale {\`a} l'aide des Mod{\`e}les Physiques CORDIS-ANIMA}},
	booktitle = JIM,
	year = {2009},
	pages = {161--170}
}

@INPROCEEDINGS{collicutt:NIME09,
	author = {M. Collicutt and C. Casciato and M. M. Wanderley},
	title = {{From Real to Virtual: a Comparison of Input Devices for Percussion Tasks}},
	booktitle = NIME,
	year = {2009},
	pages = {1--6}
}

@ARTICLE{coros:TOG09,
    author = {S. Coros and P. Beaudoin and M. van de Panne},
    title = {Robust Task-based Control Policies for Physics-based Characters},
    journal = TOG,
    year = {2009},
	note = {To appear}
}

@INPROCEEDINGS{freed:NIME09,
	author = {A. Freed and A. Schmeder},
	title = {{Features and Future of Open Sound Control version 1.1 for NIME}},
	booktitle = NIME,
	pages = {116--120},
	year = {2009}
}

@ARTICLE{ho:CGF09,
	author = {E. Ho and T. Komura},
	title = {{Character Motion Synthesis by Topology Coordinates}},
	journal = CGF,
	volume = 28,
	number = {2},
	pages = {299--308},
	year = {2009}
}

@ARTICLE{ishigaki:TOG09,
	author = {S. Ishigaki and T. White and V. Zordan C. Liu},
	title = {{Performance-based Control Interface for Character Animation}},
	journal = TOG,
	volume = {28},
	number = {3},
	pages = {???--???},
	year = {2009}
}

@ARTICLE{jain:TOG09,
	author = {S. Jain and Y. Ye and K. Liu},
	title = {{Optimization-Based Interactive Motion Synthesis}},
	journal = TOG,
	volume = {28},
	number = {1},
	pages = {1--10},
	year = {2009}
}

@ARTICLE{kry:CGF09,
	author = {P. Kry and L. Rev{\'e}ret and F. Faure and M.~P. Cani},
	title = {{Modal Locomotion: Animating Virtual Characters with Natural Vibrations}},
	journal = CGF,
	volume = 28,
	number = {2},
	pages = {289--298},
	year = {2009}
}

@INPROCEEDINGS{lahdeoja:NIME09,
	author = {O. L{\"a}hdeoja},
	title = {{Augmenting Chordophones with Hybrid Percussive Sound Possibilities}},
	booktitle = NIME,
	pages = {102--105},
	year = {2009}
}

@ARTICLE{ho:CGF09,
	author = {E. Ho and T. Komura},
	title = {{Character Motion Synthesis by Topology Coordinates}},
	journal = CGF,
	volume = 28,
	number = {2},
	pages = {299--308},
	year = {2009}
}

@ARTICLE{lamarche:CGF09,
	author = {F. Lamarche},
	title = {{TopoPlan: a Topological Path Planner for Real Time Human Navigation under Floor and Ceiling Constraints}},
	journal = CGF,
	volume = {28},
	number = {2},
	pages = {649--658},
	year = {2009}
}

@ARTICLE{macchietto:TOG09,
	author = {A. Macchietto and V. Zordan and C. Shelton},
	title = {{Momentum Control for Balance}},
	journal = TOG,
	volume = {28},
	number = {3},
	pages = {1--8(80)},
	year = {2009}
}

@article{muico:TOG09,
	author = {U. Muico and Y. Lee and J. Popovi{\'c} and Z. Popovi{\'c}},
	title = {{Contact-aware Nonlinear Control of Dynamic Characters}},
	journal = TOG,
	volume = {28},
	number = {3},
	pages = {1--9},
	year = {2009}
}

@INPROCEEDINGS{muller:SCA09,
	author = {M. M{\"u}ller and A. Baak and H.~P. Seidel},
	title = {{Efficient and Robust Annotation of Motion Capture Data}},
	booktitle = SCA,
	pages = {11--20},
	year = {2009}
}

@INPROCEEDINGS{neff:SCA09,
	author = {M. Neff and Y. Kim},
	title = {{Interactive Editing of Motion Style using Drives and Correlations}},
	booktitle = SCA,
	pages = {103--112},
	year = {2009}
}

@INPROCEEDINGS{poirier:GI09,
	author = {M. Poirier and E. Paquette},
	title = {Rig Retargeting for 3D Animation},
	booktitle = GRAPHINT,
	pages = {103--110},
	year = {2009}
}

@INPROCEEDINGS{pestova:ICMC09,
	author = {X. Pestova and E. Donald and H. Hindman and J. Malloch and M. Marshall and F. Rocha and S. Sinclair and A. Stewart and M. M. Wanderley and S. Ferguson},
	title = {{The CIRMMT/McGill Digital Orchestra Project}},
	booktitle = ICMC,
	year = {2009},
	pages = {295--298}
}

@ARTICLE{dasilva:TOG09,
	author = {M. da Silva and F. Durand and J. Popovi{\'c}},
	title = {{Linear Bellman Combination for Control of Character Animation}},
	journal = TOG,
	volume = {28},
	number = {3},
	pages = {1--10},
	year = {2009}
}

@ARTICLE{raunhardt:VC09,
	author = {D. Raunhardt and R. Boulic},
	title = {{Motion Constraint}},
	journal = VC,
	volume = {25},
	pages = {509--518},
	year = {2009}
}

@PHDTHESIS{schoonderwaldt:PhD09,
	author = {E. Schoonderwaldt},
	title = {{Mechanics and Acoustics of Violin Bowing: Freedom, Constraints and Control in Performance}},
	school = {KTH Royal Institute of Technology, Sweden},
	year = {2009}
}

@INPROCEEDINGS{shiratori:SCA09,
	author = {T. Shiratori and B. Coley and R. Cham and J. Hodgins},
	title = {{Simulating Balance Recovery Responses to Trips Based on Biomechanical Principles}},
	booktitle = SCA,
	pages = {37--46},
	year = {2009}
}

@INPROCEEDINGS{sinclair:ICMC09,
	author = {S. Sinclair and G. Scavone and M. M. Wanderley},
	title = {{Audio-Haptic Interaction with the Digital Waveguide Bowed String}},
	booktitle = ICMC,
	year = {2009},
	pages = {275--278}
}

@ARTICLE{sinclair:IC09,
	author = {S. Sinclair and M. M. Wanderley},
	title = {{A Run-time Programmable Simulator to Enable Multimodal Interaction with Rigid Body Systems}},
	journal = IC,
	volume = {21},
	number = {1-2},
	pages = {54-63},
	year = {2009},
	publisher = {Elsevier Science Inc.}
}

@ARTICLE{tournier:CGF09,
	author = {M. Tournier and X. Wu and N. Courty and E. Arnaud and L. R{\'e}veret},
	title = {{Motion Compression using Principal Geodesics Analysis}},
	journal = CGF,
	volume = {28},
	number = {2},
	pages = {355-364},
	year = {2009}
}

@INPROCEEDINGS{vanWelbergen:EG09,
	author = {H. van Welbergen and B. van Basten and A. Egges and Z. Ruttkay and M. Overmars},
	title = {{Real-time Animation of Virtual Humans: A Trade-off between Naturalness and Control}},
	booktitle = EG,
	pages = {45--72},
	year = {2009}
}

@ARTICLE{wang:TOG09,
	author = {J. Wang and D. Fleet and A. Hertzmann},
	title = {{Optimizing Walking Controllers}},
	journal = TOG,
	year = {2009},
	note = {To appear}
}
	
@INPROCEEDINGS{zadel:ICMC09,
	author = {M. Zadel and S. Sinclair and Marcelo M. Wanderley},
	title = {{Haptic Feedback for Different Strokes using DIMPLE}},
	booktitle = ICMC,
	year = {2009},
	pages = {291--294}
}
