@MASTERSTHESIS { Bouenard:MsC06,
	AUTHOR = { A. Bou{\"e}nard },
	TITLE = { {R{\'e}alisation d'un Syst{\`e}me Exp{\'e}rimental pour la Simulation de Gestes de Percussion} },
	SCHOOL = { University of Rennes I, France },
	YEAR = { 2006 }
}

@INPROCEEDINGS { Gibet:GIMS06,
    AUTHOR = { S. Gibet and A. Bou{\"e}nard },
    TITLE = { {Sound Synthesis by Simulation of Percussive Gesture of a Virtual Animated Agent} },
    BOOKTITLE = { 2nd ConGAS International Symposium on Gesture Interfaces for Multimedia Systems },
    YEAR = { 2006 },
}

@MISC { Bouenard:COSTCONGAS07,
	AUTHOR = { A. Bou{\"e}nard },
	NOTE = { Analysis of Percussion Gestures. In \emph{COST287--CONGAS MC Meeting Final Event} },
	YEAR = { 2007}
}

@MISC { Bouenard:SMPC07,
	AUTHOR = { A. Bou{\"e}nard },
	NOTE = { Motion Capture for Computer Animation. In \emph{SMPC Conference: Workshop on Motion Capture Data Exchange} },
	YEAR = { 2007 }
}

@INPROCEEDINGS { Bouenard:ENACTIVE08,
    AUTHOR = { A. Bou{\"e}nard and M. M. Wanderley and S. Gibet },
    TITLE = { {Analysis of Percussion Grip for Physically Based Character Animation} },
    BOOKTITLE = { Proc. of the International Conference on Enactive Interfaces (ENACTIVE) },
    YEAR = { 2008 },
    PAGES = { 22--27 },
}

@INPROCEEDINGS { Bouenard:NIME08,
    AUTHOR = { A. Bou{\"e}nard and S. Gibet and M. M. Wanderley },
    TITLE = { {Enhancing the Visualization of Percussion Gestures by Virtual Character Animation} },
    BOOKTITLE = { Proc. of the International Conference on New Interfaces for Musical Expression (NIME) },
    YEAR = { 2008 },
    PAGES = { 38--43 },
}

@INPROCEEDINGS { Bouenard:CASA09,
    AUTHOR = { A. Bou{\"e}nard and S. Gibet and M. M. Wanderley },
    TITLE = { {Hybrid Motion Control combining Inverse Kinematics and Inverse Dynamics Controllers for Simulating Percussion Gestures} },
    BOOKTITLE = { Proc. of the International Conference on Computer Animation and Social Agents (CASA) },
    YEAR = { 2009 },
    PAGES = { 17--20 },
}

@MISC { Bouenard:CIRMMT09,
	AUTHOR = { A. Bou{\"e}nard},
	NOTE = { Going beyond Motion Capture Data: an Application for Synthesizing Expressive Percussion Performances. In \emph{CIRMMT--BRAMS Workshop on Expressive Performance} },
	YEAR = { 2009 }
}

@INPROCEEDINGS { Bouenard:GW09,
    AUTHOR = { A. Bou{\"e}nard and M. M. Wanderley and S. Gibet },
    TITLE = { {Analysis of Timpani Preparatory Gesture Parameterization} },
    BOOKTITLE = { Proc. of the International Gesture Workshop (GW) },
    YEAR = { 2009 },
    PAGES = { 61--62 },
}

@MISC { Bouenard:HAL09,
	AUTHOR = { A. Bou{\"e}nard and S. Gibet and M. M. Wanderley },
	NOTE = { Real-time Simulation and Interaction of Percussion Gestures with Sound Synthesis, \emph{HAL Open Archives, Technical Report}},
	YEAR = { 2009 }
}

@INPROCEEDINGS { Bouenard:ICMC09,
    AUTHOR = { A. Bou{\"e}nard and M. M. Wanderley and S. Gibet },
    TITLE = { {Advantages and Limitations of Simulating Percussion Gestures for Sound Synthesis} },
    BOOKTITLE = { Proc. of the International Computer Music Conference (ICMC) },
    PAGES = { 255--261 },
    YEAR = { 2009 },
}

@PHDTHESIS { Bouenard:PhD09,
	AUTHOR = { A. Bou{\"e}nard },
	TITLE = { {Synthesis of Music Performances: Virtual Character Animation as a Controller of Sound Synthesis} },
	SCHOOL = { European University of Brittany, France },
	YEAR = { 2009 }
}

@ARTICLE { Bouenard:AAA10,
    AUTHOR = { A. Bou{\"e}nard and M. M. Wanderley and S. Gibet },
    TITLE = { {Gesture Control of Sound Synthesis: Analysis and Classification of Percussion Gestures} },
    JOURNAL = { Acta Acustica united with Acustica },
    VOLUME = { 96 },
    NUMBER = { 4 },
    PAGES = { 668--677 },
    YEAR = { 2010 },
}

@INPROCEEDINGS { Grond:DAFX10,
    AUTHOR = { F. Grond and A. Bou{\"e}nard and T. Hermann and M. M. Wanderley },
    TITLE = { {Virtual Auditory Myography of Timpani-playing Avatars} },
    BOOKTITLE = { Proc. of the International Conference on Digital Audio Effects (DAFX) },
    PAGES = { 135--142 },
    YEAR = { 2010 },
}

@ARTICLE { Bouenard:CMJ11,
	AUTHOR = { A. Bou{\"e}nard and M. M. Wanderley and S. Gibet and F. Marandola },
	TITLE = { {Virtual Control and Synthesis of Music Performances: Qualitative Evaluation of Synthesized Timpani Exercises} },
	JOURNAL = { Computer Music Journal },
	VOLUME = { 35 },
    NUMBER = { 3 },
    PAGES = { 57--72 },
	YEAR = { 2011 }
}

@ARTICLE { Bouenard:VC12,
	AUTHOR = { A. Bou{\"e}nard and S. Gibet and M. M. Wanderley },
	TITLE = { {Hybrid Inverse Motion Control for Virtual Characters Interacting with Sound Synthesis - Application to Percussion Motion} },
	JOURNAL = { Visual Computer Journal },
	VOLUME = { 28 },
    NUMBER = { 4 },
    PAGES = { 357--370 },
	YEAR = { 2012 }
}
